<SOAP-ENV:Envelope xmlns:SOAP-ENV="http://schemas.xmlsoap.org/soap/envelope/">
    <SOAP-ENV:Header/>
    <SOAP-ENV:Body>
        <root:ApplicationResponse xmlns:root="urn:fi:tulli:wsdl_root_financial.001" id="applicationResponse">
            <head001:AppHdr xmlns:head001="urn:iso:std:iso:20022:tech:xsd:head.001.001.01">
                <head001:CharSet>UTF-8</head001:CharSet>
                <head001:Fr>...
                </head001:Fr>
                <head001:To>...
                </head001:To>
                <head001:BizMsgIdr>0b018fd7c34c4414ae0dc6850fb4da04</head001:BizMsgIdr>
                <head001:MsgDefIdr>auth.002.001.01</head001:MsgDefIdr>
                <head001:CreDt>2021-05-26T14:14:00.826Z</head001:CreDt>
                <head001:Sgntr>...
                </head001:Sgntr>
            </head001:AppHdr>
            <auth002:Document xmlns:auth002="urn:iso:std:iso:20022:tech:xsd:auth.002.001.01">
                <auth002:InfReqRspn>
                    <auth002:RspnId>ABC1234</auth002:RspnId>
                    <auth002:InvstgtnId>ABC1234</auth002:InvstgtnId>
                    <auth002:RspnSts>COMP</auth002:RspnSts>
                    <auth002:SchCrit>
                        <auth002:Acct>
                            <auth002:Id>
                                <auth002:Id>
                                    <auth002:IBAN>FI2447066587000379</auth002:IBAN>
                                </auth002:Id>
                            </auth002:Id>
                            <auth002:InvstgtdPties>
                                <auth002:Cd>ALLP</auth002:Cd>
                            </auth002:InvstgtdPties>
                            <auth002:AuthrtyReqTp>
                                <auth002:MsgNmId>camt.052.001.08</auth002:MsgNmId>
                            </auth002:AuthrtyReqTp>
                        </auth002:Acct>
                    </auth002:SchCrit>
                    <auth002:RtrInd>
                        <auth002:AuthrtyReqTp>
                            <auth002:MsgNmId>camt.052.001.08</auth002:MsgNmId>
                        </auth002:AuthrtyReqTp>
                        <auth002:InvstgtnRslt>
                            <auth002:Rslt>
                                <camt52:Document xmlns:camt52="urn:iso:std:iso:20022:tech:xsd:camt.052.001.12">
                                    <camt52:BkToCstmrAcctRpt>
                                        <camt52:GrpHdr>
                                            <camt52:MsgId>MSG123456789</camt52:MsgId>
                                            <camt52:CreDtTm>2024-12-12T10:00:00Z</camt52:CreDtTm>
                                            <camt52:MsgRcpt>
                                                <camt52:Nm>Name of the sender</camt52:Nm>
                                                <camt52:Id>
                                                    <camt52:OrgId>
                                                        <camt52:Othr>
                                                            <camt52:Id>business id</camt52:Id>
                                                            <camt52:SchmeNm>
                                                                <camt52:Cd>y</camt52:Cd>
                                                            </camt52:SchmeNm>
                                                        </camt52:Othr>
                                                    </camt52:OrgId>
                                                </camt52:Id>
                                            </camt52:MsgRcpt>
                                            <camt52:AddtInf>Additional information from sender</camt52:AddtInf>
                                        </camt52:GrpHdr>
                                        <camt52:Rpt>
                                            <camt52:Id>RPT123456789</camt52:Id>
                                            <camt52:CreDtTm>2024-12-12T10:05:00Z</camt52:CreDtTm>
                                            <camt52:Acct>
                                                <camt52:Id>
                                                    <camt52:IBAN>DE12345678901234567890</camt52:IBAN>
                                                </camt52:Id>
                                                <camt52:Svcr>
                                                    <camt52:FinInstnId>
                                                        <camt52:BICFI>XXXXFIHH</camt52:BICFI>
                                                        <camt52:Nm>Name of the institution providing the account</camt52:Nm>
                                                        <camt52:Othr>
                                                            <camt52:Id>business id</camt52:Id>
                                                            <camt52:SchmeNm>
                                                                <camt52:Cd>y</camt52:Cd>
                                                            </camt52:SchmeNm>
                                                        </camt52:Othr>
                                                    </camt52:FinInstnId>
                                                </camt52:Svcr>
                                            </camt52:Acct>
                                            <camt52:Bal>
                                                <camt52:Tp>
                                                    <camt52:CdOrPrtry>
                                                        <camt52:Cd>CLBD</camt52:Cd>
                                                    </camt52:CdOrPrtry>
                                                </camt52:Tp>
                                                <camt52:Amt Ccy="EUR">10000.00</camt52:Amt>
                                                <camt52:CdtDbtInd>CRDT</camt52:CdtDbtInd>
                                                <camt52:Dt>
                                                    <camt52:Dt>2024-12-11</camt52:Dt>
                                                </camt52:Dt>
                                            </camt52:Bal>
                                            <camt52:TxsSummry>
                                                <camt52:TtlNtries>
                                                    <camt52:NbOfNtries>1</camt52:NbOfNtries>
                                                    <camt52:Sum>100.00</camt52:Sum>
                                                </camt52:TtlNtries>
                                                <camt52:TtlCdNtries>
                                                    <camt52:NbOfNtries>1</camt52:NbOfNtries>
                                                    <camt52:Sum>100.00</camt52:Sum>
                                                </camt52:TtlCdNtries>
                                            </camt52:TxsSummry>
                                            <camt52:Ntry>
                                                <camt52:Amt Ccy="EUR">100.00</camt52:Amt>
                                                <camt52:CdtDbtInd>CRDT</camt52:CdtDbtInd>
                                                <camt52:Sts>
                                                    <camt52:Cd>BOOK</camt52:Cd>
                                                </camt52:Sts>
                                                <camt52:BookgDt>
                                                    <camt52:Dt>2024-12-11</camt52:Dt>
                                                </camt52:BookgDt>
                                                <camt52:AcctSvcrRef>REF123456</camt52:AcctSvcrRef>
                                                <camt52:BkTxCd>
                                                    <camt52:Domn>
                                                        <camt52:Cd>PMNT</camt52:Cd>
                                                        <camt52:Fmly>
                                                            <camt52:Cd>ICDT</camt52:Cd>
                                                            <camt52:SubFmlyCd>BOOK</camt52:SubFmlyCd>
                                                        </camt52:Fmly>
                                                    </camt52:Domn>
                                                    <camt52:Prtry>
                                                        <camt52:Cd>Transfer</camt52:Cd>
                                                    </camt52:Prtry>
                                                </camt52:BkTxCd>
                                                <camt52:NtryDtls>
                                                    <camt52:TxDtls>
                                                        <camt52:RmtInf>
                                                            <camt52:Ustrd>Invoice 123456 Payment</camt52:Ustrd>
                                                        </camt52:RmtInf>
                                                    </camt52:TxDtls>
                                                </camt52:NtryDtls>
                                            </camt52:Ntry>
                                        </camt52:Rpt>
                                    </camt52:BkToCstmrAcctRpt>
                                </camt52:Document>
                            </auth002:Rslt>
                        </auth002:InvstgtnRslt>
                    </auth002:RtrInd>
                </auth002:InfReqRspn>
            </auth002:Document>
        </root:ApplicationResponse>
    </SOAP-ENV:Body>
</SOAP-ENV:Envelope>
