<SOAP-ENV:Envelope xmlns:SOAP-ENV="http://schemas.xmlsoap.org/soap/envelope/">
   <SOAP-ENV:Header/>
   <SOAP-ENV:Body>
      <root:ApplicationResponse id="applicationResponse" xmlns:root="urn:fi:tulli:wsdl_root.002">
         <head001:AppHdr xmlns:head001="urn:iso:std:iso:20022:tech:xsd:head.001.001.01">
            <head001:CharSet>UTF-8</head001:CharSet>
            <head001:Fr>...
            </head001:Fr>
            <head001:To>...
            </head001:To>
            <head001:BizMsgIdr>VHRthFWMT/W8qCSolUIs2A==</head001:BizMsgIdr>
            <head001:MsgDefIdr>auth.002.001.01</head001:MsgDefIdr>
            <head001:CreDt>2025-04-30T06:47:24.103443334Z</head001:CreDt>
            <head001:Sgntr>...
            </head001:Sgntr>
            <head001:Rltd>
               <urn1:CharSet xmlns:urn1="urn:iso:std:iso:20022:tech:xsd:head.001.001.01">UTF-8</urn1:CharSet>
               <urn1:Fr xmlns:urn1="urn:iso:std:iso:20022:tech:xsd:head.001.001.01">...
               </urn1:Fr>
               <urn1:To xmlns:urn1="urn:iso:std:iso:20022:tech:xsd:head.001.001.01">...
               </urn1:To>
               <urn1:BizMsgIdr xmlns:urn1="urn:iso:std:iso:20022:tech:xsd:head.001.001.01">Fhrc6o42TWiSzi43DdLsSA==</urn1:BizMsgIdr>
               <urn1:MsgDefIdr xmlns:urn1="urn:iso:std:iso:20022:tech:xsd:head.001.001.01">auth.001.001.01</urn1:MsgDefIdr>
               <urn1:CreDt xmlns:urn1="urn:iso:std:iso:20022:tech:xsd:head.001.001.01">2022-11-29T15:01:00Z</urn1:CreDt>
               <urn1:Sgntr xmlns:urn1="urn:iso:std:iso:20022:tech:xsd:head.001.001.01">...
               </urn1:Sgntr>
            </head001:Rltd>
         </head001:AppHdr>
         <auth002:Document xmlns:auth002="urn:iso:std:iso:20022:tech:xsd:auth.002.001.01">
            <auth002:InfReqRspn>
               <auth002:RspnId>ABC1234</auth002:RspnId>
               <auth002:InvstgtnId>ABC1234</auth002:InvstgtnId>
               <auth002:RspnSts>COMP</auth002:RspnSts>
               <auth002:SchCrit>
                  <auth002:Acct>
                     <auth002:Id>
                        <auth002:Id>
                           <auth002:IBAN>FI3640578195000382</auth002:IBAN>
                        </auth002:Id>
                     </auth002:Id>
                     <auth002:InvstgtdPties>
                        <auth002:Cd>ALLP</auth002:Cd>
                     </auth002:InvstgtdPties>
                     <auth002:AuthrtyReqTp>
                        <auth002:MsgNmId>camt.052.001.08</auth002:MsgNmId>
                     </auth002:AuthrtyReqTp>
                  </auth002:Acct>
               </auth002:SchCrit>
               <auth002:RtrInd>
                  <auth002:AuthrtyReqTp>
                     <auth002:MsgNmId>fin.021.001.04</auth002:MsgNmId>
                  </auth002:AuthrtyReqTp>
                  <auth002:InvstgtnRslt>
                     <auth002:Rslt>
                        <fin021:Document xmlns:fin021="urn:fin.021.001.04">
                           <fin021:QueryResultResponse>
                              <fin021:ResultKeyList>
                                 <fin021:ResultKey datasourceOrganisationId="0788060-2">4ff0ee64-418f-493d-bb3f-6650751c3097</fin021:ResultKey>
                              </fin021:ResultKeyList>
                           </fin021:QueryResultResponse>
                        </fin021:Document>
                     </auth002:Rslt>
                  </auth002:InvstgtnRslt>
               </auth002:RtrInd>
               <auth002:RtrInd>
                  <auth002:AuthrtyReqTp>
                     <auth002:MsgNmId>camt.052.001.08</auth002:MsgNmId>
                  </auth002:AuthrtyReqTp>
                  <auth002:InvstgtnRslt>
                     <auth002:Rslt>
                        <Document xmlns="urn:iso:std:iso:20022:tech:xsd:camt.052.001.08">
                           <BkToCstmrAcctRpt>
                              <GrpHdr>
                                 <MsgId>XML12345678901234567890123456789012</MsgId>
                                 <CreDtTm>2019-05-09T04:33:00.444Z</CreDtTm>
                                 <MsgRcpt>
                                    <camt52:Nm>Name of the sender</camt52:Nm>
                                    <Id>
                                       <OrgId>
                                          <Othr>
                                             <Id>business id</Id>
                                             <SchmeNm>
                                                <Cd>y</Cd>
                                             </SchmeNm>
                                          </Othr>
                                       </OrgId>
                                    </Id>
                                 </MsgRcpt>
                                 <AddtInf>Additional information from sender</AddtInf>
                              </GrpHdr>
                              <Rpt>
                                 <Id>2019-05-09-04.44.12-EUR0574</Id>
                                 <ElctrncSeqNb>25</ElctrncSeqNb>
                                 <LglSeqNb>20</LglSeqNb>
                                 <CreDtTm>2019-05-09T04:33:00.444Z</CreDtTm>
                                 <FrToDt>
                                    <FrDtTm>2019-05-08T00:00:00.444Z</FrDtTm>
                                    <ToDtTm>2019-05-08T23:30:00.444Z</ToDtTm>
                                 </FrToDt>
                                 <Acct>
                                    <Id>
                                       <IBAN>FI8529501800030574</IBAN>
                                    </Id>
                                    <Svcr>
                                       <FinInstnId>
                                          <BICFI>XXXXFIHH</BICFI>
                                          <Nm>Name of the sender</Nm>
                                          <Othr>
                                             <Id>business id</Id>
                                             <SchmeNm>
                                                <Cd>y</Cd>
                                             </SchmeNm>
                                          </Othr>
                                       </FinInstnId>
                                    </Svcr>
                                 </Acct>
                                 <Bal>
                                    <Tp>
                                       <CdOrPrtry>
                                          <Cd>OPBD</Cd>
                                       </CdOrPrtry>
                                    </Tp>
                                    <Amt Ccy="EUR">200.50</Amt>
                                    <CdtDbtInd>CRDT</CdtDbtInd>
                                    <Dt>
                                       <Dt>2019-05-08</Dt>
                                    </Dt>
                                 </Bal>
                                 <Bal>
                                    <Tp>
                                       <CdOrPrtry>
                                          <Cd>CLBD</Cd>
                                       </CdOrPrtry>
                                    </Tp>
                                    <Amt Ccy="EUR">8800.50</Amt>
                                    <CdtDbtInd>CRDT</CdtDbtInd>
                                    <Dt>
                                       <Dt>2019-05-08</Dt>
                                    </Dt>
                                 </Bal>
                                 <TxsSummry>                                
                                    <TtlNtries>
                                       <NbOfNtries>6</NbOfNtries>
                                       <Sum>8800.00</Sum>
                                    </TtlNtries>
                                    <TtlCdtNtries>
                                       <NbOfNtries>2</NbOfNtries>
                                       <Sum>10100.50</Sum>
                                    </TtlCdtNtries>
                                    <TtlDbtNtries>
                                       <NbOfNtries>4</NbOfNtries>
                                       <Sum>1500.50</Sum>
                                    </TtlDbtNtries>
                                 </TxsSummry>
                                 <Ntry>
                                    <NtryRef>1</NtryRef>
                                    <Amt Ccy="EUR">10000.00</Amt>
                                    <CdtDbtInd>CRDT</CdtDbtInd>
                                    <Sts>BOOK</Sts>
                                    <BookgDt>
                                       <Dt>2019-05-08</Dt>
                                    </BookgDt>
                                    <ValDt>
                                       <Dt>2019-05-08</Dt>
                                    </ValDt>
                                    <AcctSvcrRef>1905082588CEAA0001</AcctSvcrRef>
                                    <BkTxCd>
                                       <Domn>
                                          <Cd>PMNT</Cd>
                                          <Fmly>
                                             <Cd>RCDT</Cd>
                                             <SubFmlyCd>ESCT</SubFmlyCd>
                                          </Fmly>
                                       </Domn>
                                    </BkTxCd>
                                    <NtryDtls>
                                       <TxDtls>
                                          <Refs>
                                             <AcctSvcrRef>1905082588CEAA0001</AcctSvcrRef>
                                             <EndToEndId>20190501-E00005</EndToEndId>
                                          </Refs>
                                          <AmtDtls>
                                             <TxAmt>
                                                <Amt Ccy="EUR">10000.00</Amt>
                                             </TxAmt>
                                          </AmtDtls>
                                          <RmtInf>
                                             <Strd>
                                                <CdtrRefInf>
                                                   <Tp>
                                                      <CdOrPrtry>
                                                         <Cd>SCOR</Cd>
                                                      </CdOrPrtry>
                                                   </Tp>
                                                   <Ref>00000000000000001245</Ref>
                                                </CdtrRefInf>
                                             </Strd>
                                          </RmtInf>
                                          <RltdDts>
                                             <AccptncDtTm>2019-05-07T00:00:00Z</AccptncDtTm>
                                          </RltdDts>
                                       </TxDtls>
                                    </NtryDtls>
                                 </Ntry>
                                 <Ntry>
                                    <NtryRef>2</NtryRef>
                                    <Amt Ccy="EUR">100.50</Amt>
                                    <CdtDbtInd>CRDT</CdtDbtInd>
                                    <RvslInd>false</RvslInd>
                                    <Sts>BOOK</Sts>
                                    <BookgDt>
                                       <Dt>2019-05-08</Dt>
                                    </BookgDt>
                                    <ValDt>
                                       <Dt>2019-05-08</Dt>
                                    </ValDt>
                                    <AcctSvcrRef>1905082588SM12345678</AcctSvcrRef>
                                    <BkTxCd>
                                       <Domn>
                                          <Cd>PMNT</Cd>
                                          <Fmly>
                                             <Cd>RCDT</Cd>
                                             <SubFmlyCd>XBCT</SubFmlyCd>
                                          </Fmly>
                                       </Domn>
                                    </BkTxCd>
                                    <NtryDtls>
                                       <TxDtls>
                                          <Refs>
                                             <AcctSvcrRef>1905082588SM12345678</AcctSvcrRef>
                                             <EndToEndId>NOTPROVIDED</EndToEndId>
                                          </Refs>
                                          <AmtDtls>
                                             <TxAmt>
                                                <Amt Ccy="EUR">100.50</Amt>
                                             </TxAmt>
                                          </AmtDtls>
                                          <RmtInf>
                                             <Ustrd>Free text max 140 characters and ma</Ustrd>
                                             <Ustrd>x 35 characters in one line</Ustrd>
                                          </RmtInf>
                                       </TxDtls>
                                    </NtryDtls>
                                 </Ntry>
                                 <Ntry>
                                    <NtryRef>3</NtryRef>
                                    <Amt Ccy="EUR">700.50</Amt>
                                    <CdtDbtInd>DBIT</CdtDbtInd>
                                    <Sts>BOOK</Sts>
                                    <BookgDt>
                                       <Dt>2019-05-08</Dt>
                                    </BookgDt>
                                    <ValDt>
                                       <Dt>2019-05-08</Dt>
                                    </ValDt>
                                    <AcctSvcrRef>1905082588CEAG0003</AcctSvcrRef>
                                    <BkTxCd>
                                       <Domn>
                                          <Cd>PMNT</Cd>
                                          <Fmly>
                                             <Cd>ICDT</Cd>
                                             <SubFmlyCd>ESCT</SubFmlyCd>
                                          </Fmly>
                                       </Domn>
                                    </BkTxCd>
                                    <NtryDtls>
                                       <TxDtls>
                                          <Refs>
                                             <MsgId>0001</MsgId>
                                             <AcctSvcrRef>1905082588CEAG0003</AcctSvcrRef>
                                             <PmtInfId>PMNTINFID08052019</PmtInfId>
                                             <InstrId>INSTRID20190508</InstrId>
                                             <EndToEndId>20190508-E123456</EndToEndId>
                                          </Refs>
                                          <AmtDtls>
                                             <TxAmt>
                                                <Amt Ccy="EUR">700.50</Amt>
                                             </TxAmt>
                                          </AmtDtls>
                                          <RmtInf>
                                             <Strd>
                                                <CdtrRefInf>
                                                   <Tp>
                                                      <CdOrPrtry>
                                                         <Cd>SCOR</Cd>
                                                      </CdOrPrtry>
                                                      <Issr>ISO</Issr>
                                                   </Tp>
                                                   <Ref>RF332348236</Ref>
                                                </CdtrRefInf>
                                             </Strd>
                                          </RmtInf>
                                       </TxDtls>
                                    </NtryDtls>
                                 </Ntry>
                                 <Ntry>
                                    <NtryRef>4</NtryRef>
                                    <Amt Ccy="EUR">300.00</Amt>
                                    <CdtDbtInd>DBIT</CdtDbtInd>
                                    <RvslInd>false</RvslInd>
                                    <Sts>BOOK</Sts>
                                    <BookgDt>
                                       <Dt>2019-05-08</Dt>
                                    </BookgDt>
                                    <ValDt>
                                       <Dt>2019-05-08</Dt>
                                    </ValDt>
                                    <AcctSvcrRef>1905092588CEAG0004</AcctSvcrRef>
                                    <BkTxCd>
                                       <Domn>
                                          <Cd>PMNT</Cd>
                                          <Fmly>
                                             <Cd>ICCN</Cd>
                                             <SubFmlyCd>ICCT</SubFmlyCd>
                                          </Fmly>
                                       </Domn>
                                       <Prtry>
                                          <Cd>123</Cd>
                                       </Prtry>
                                    </BkTxCd>
                                    <NtryDtls>
                                       <Btch>
                                          <MsgId>MsgId</MsgId>
                                          <PmtInfId>PmtInfId</PmtInfId>
                                          <NbOfTxs>2</NbOfTxs>
                                          <TtlAmt Ccy="EUR">10000.00</TtlAmt>
                                          <CdtDbtInd>DBIT</CdtDbtInd>
                                       </Btch>
                                       <TxDtls>
                                          <Refs>
                                             <AcctSvcrRef>1905092588CEAG0004</AcctSvcrRef>
                                             <InstrId>Debitor ref</InstrId>
                                             <EndToEndId>NOTPROVIDED</EndToEndId>
                                          </Refs>
                                          <AmtDtls>
                                             <TxAmt>
                                                <Amt Ccy="EUR">300.00</Amt>
                                                <CcyXchg>
                                                   <SrcCcy>EUR</SrcCcy>
                                                   <XchgRate>1.00</XchgRate>
                                                </CcyXchg>
                                             </TxAmt>
                                          </AmtDtls>
                                          <CdtDbtInd>DBIT</CdtDbtInd>
                                          <RltdPties>
                                             <Dbtr>
                                                <Nm>Maksaja</Nm>
                                             </Dbtr>
                                             <DbtrAcct>
                                                <Id>
                                                   <IBAN>FI2447066587000379</IBAN>
                                                </Id>
                                             </DbtrAcct>
                                             <Cdtr>
                                                <Nm>Saaja</Nm>
                                             </Cdtr>
                                             <CdtrAcct>
                                                <Id>
                                                   <IBAN>FI2447066587000379</IBAN>
                                                </Id>
                                             </CdtrAcct>
                                          </RltdPties>
                                          <RltdAgts>
                                             <DbtrAgt>
                                                <FinInstnId>
                                                   <BIC>XXXXFIHH</BIC>
                                                </FinInstnId>
                                             </DbtrAgt>
                                             <CdtrAgt>
                                                <FinInstnId>
                                                   <BIC>XXXXFIHH</BIC>
                                                </FinInstnId>
                                             </CdtrAgt>
                                          </RltdAgts>
                                          <RmtInf>
                                             <Ustrd>Free text max 140 characters</Ustrd>
                                          </RmtInf>
                                          <RltdDts>
                                             <AccptncDtTm>2019-05-07T00:00:00Z</AccptncDtTm>
                                          </RltdDts>
                                       </TxDtls>
                                       <TxDtls>
                                          <Refs>
                                             <AcctSvcrRef>1905092588CEAG0004</AcctSvcrRef>
                                             <InstrId>Debitor ref</InstrId>
                                             <EndToEndId>NOTPROVIDED</EndToEndId>
                                          </Refs>
                                          <AmtDtls>
                                             <TxAmt>
                                                <Amt Ccy="EUR">9700.00</Amt>
                                                <CcyXchg>
                                                   <SrcCcy>EUR</SrcCcy>
                                                   <XchgRate>1.00</XchgRate>
                                                </CcyXchg>
                                             </TxAmt>
                                          </AmtDtls>
                                          <CdtDbtInd>DBIT</CdtDbtInd>
                                          <RltdPties>
                                             <Dbtr>
                                                <Nm>Maksaja</Nm>
                                             </Dbtr>
                                             <DbtrAcct>
                                                <Id>
                                                   <IBAN>FI2447066587000379</IBAN>
                                                </Id>
                                             </DbtrAcct>
                                             <Cdtr>
                                                <Nm>Saaja</Nm>
                                             </Cdtr>
                                             <CdtrAcct>
                                                <Id>
                                                   <IBAN>FI2447066587000379</IBAN>
                                                </Id>
                                             </CdtrAcct>
                                          </RltdPties>
                                          <RltdAgts>
                                             <DbtrAgt>
                                                <FinInstnId>
                                                   <BIC>XXXXFIHH</BIC>
                                                </FinInstnId>
                                             </DbtrAgt>
                                             <CdtrAgt>
                                                <FinInstnId>
                                                   <BIC>XXXXFIHH</BIC>
                                                </FinInstnId>
                                             </CdtrAgt>
                                          </RltdAgts>
                                          <RmtInf>
                                             <Ustrd>Free text max 140 characters</Ustrd>
                                          </RmtInf>
                                          <RltdDts>
                                             <AccptncDtTm>2019-05-07T00:00:00Z</AccptncDtTm>
                                          </RltdDts>
                                       </TxDtls>
                                    </NtryDtls>
                                 </Ntry>
                                 <Ntry>
                                    <NtryRef>5</NtryRef>
                                    <Amt Ccy="EUR">400.00</Amt>
                                    <CdtDbtInd>DBIT</CdtDbtInd>
                                    <Sts>BOOK</Sts>
                                    <BookgDt>
                                       <Dt>2019-05-08</Dt>
                                    </BookgDt>
                                    <ValDt>
                                       <Dt>2019-05-08</Dt>
                                    </ValDt>
                                    <AcctSvcrRef>1905082588CVCC1111</AcctSvcrRef>
                                    <BkTxCd>
                                       <Domn>
                                          <Cd>PMNT</Cd>
                                          <Fmly>
                                             <Cd>NTAV</Cd>
                                             <SubFmlyCd>NTAV</SubFmlyCd>
                                          </Fmly>
                                       </Domn>
                                    </BkTxCd>
                                    <NtryDtls>
                                       <TxDtls>
                                          <Refs>
                                             <MsgId>12345567</MsgId>
                                             <AcctSvcrRef>1905082588CVCC1111</AcctSvcrRef>
                                             <EndToEndId>NOTPROVIDED</EndToEndId>
                                          </Refs>
                                          <AmtDtls>
                                             <TxAmt>
                                                <Amt Ccy="EUR">400.00</Amt>
                                             </TxAmt>
                                          </AmtDtls>
                                       </TxDtls>
                                    </NtryDtls>
                                 </Ntry>
                                 <Ntry>
                                    <NtryRef>6</NtryRef>
                                    <Amt Ccy="EUR">100.00</Amt>
                                    <CdtDbtInd>DBIT</CdtDbtInd>
                                    <Sts>BOOK</Sts>
                                    <BookgDt>
                                       <Dt>2019-05-08</Dt>
                                    </BookgDt>
                                    <ValDt>
                                       <Dt>2019-05-08</Dt>
                                    </ValDt>
                                    <AcctSvcrRef>1905082588AU123456</AcctSvcrRef>
                                    <BkTxCd>
                                       <Domn>
                                          <Cd>CAMT</Cd>
                                          <Fmly>
                                             <Cd>ACCB</Cd>
                                             <SubFmlyCd>SWEP</SubFmlyCd>
                                          </Fmly>
                                       </Domn>
                                    </BkTxCd>
                                    <NtryDtls>
                                       <TxDtls>
                                          <Refs>
                                             <AcctSvcrRef>1905082588AU123456</AcctSvcrRef>
                                          </Refs>
                                          <AmtDtls>
                                             <TxAmt>
                                                <Amt Ccy="EUR">100.00</Amt>
                                             </TxAmt>
                                          </AmtDtls>
                                          <RmtInf>
                                             <Ustrd>CMS/Account Number</Ustrd>
                                          </RmtInf>
                                       </TxDtls>
                                    </NtryDtls>
                                 </Ntry>
                              </Rpt>
                           </BkToCstmrAcctRpt>
                        </Document>
                     </auth002:Rslt>
                  </auth002:InvstgtnRslt>
               </auth002:RtrInd>
            </auth002:InfReqRspn>
         </auth002:Document>
      </root:ApplicationResponse>
   </SOAP-ENV:Body>
</SOAP-ENV:Envelope>

