<?xml version="1.0" encoding="UTF-8"?>
<SOAP-ENV:Envelope xmlns:SOAP-ENV="http://schemas.xmlsoap.org/soap/envelope/">
    <SOAP-ENV:Header />
    <SOAP-ENV:Body>
        <root:ApplicationResponse xmlns:root="urn:fi:tulli:wsdl_root_financial.001" id="applicationResponse">
            <head001:AppHdr xmlns:head001="urn:iso:std:iso:20022:tech:xsd:head.001.001.01">
                <head001:CharSet>UTF-8</head001:CharSet>
                <head001:Fr>...</head001:Fr>
                <head001:To>...</head001:To>
                <head001:BizMsgIdr>0b018fd7c34c4414ae0dc6850fb4da04</head001:BizMsgIdr>
                <head001:MsgDefIdr>auth.002.001.01</head001:MsgDefIdr>
                <head001:CreDt>2021-05-26T14:14:00.826Z</head001:CreDt>
                <head001:Sgntr>...</head001:Sgntr>
            </head001:AppHdr>
            <auth002:Document xmlns:auth002="urn:iso:std:iso:20022:tech:xsd:auth.002.001.01">
                <auth002:InfReqRspn>
                    <auth002:RspnId>ABC1234</auth002:RspnId>
                    <auth002:InvstgtnId>ABC1234</auth002:InvstgtnId>
                    <auth002:RspnSts>COMP</auth002:RspnSts>
                    <auth002:SchCrit>
                        <auth002:Acct>
                            <auth002:Id>
                                <auth002:Id>
                                    <auth002:IBAN>FI2447066587000379</auth002:IBAN>
                                </auth002:Id>
                            </auth002:Id>
                            <auth002:InvstgtdPties>
                                <auth002:Cd>ALLP</auth002:Cd>
                            </auth002:InvstgtdPties>
                            <auth002:AuthrtyReqTp>
                                <auth002:MsgNmId>camt.052.001.08</auth002:MsgNmId>
                            </auth002:AuthrtyReqTp>
                        </auth002:Acct>
                    </auth002:SchCrit>
                    <auth002:RtrInd>
                        <auth002:AuthrtyReqTp>
                            <auth002:MsgNmId>camt.052.001.08</auth002:MsgNmId>
                        </auth002:AuthrtyReqTp>
                        <auth002:InvstgtnRslt>
                            <auth002:Rslt>
                                <camt52:Document xmlns:camt52="urn:iso:std:iso:20022:tech:xsd:camt.052.001.12">
                                    <camt52:BkToCstmrAcctRpt>
                                        <camt52:GrpHdr>
                                            <camt52:MsgId>MSG123456789</camt52:MsgId>
                                            <camt52:CreDtTm>2024-12-12T10:00:00Z</camt52:CreDtTm>
                                            <camt52:MsgRcpt>
                                                <camt52:Nm>Name of the sender</camt52:Nm>
                                                <camt52:Id>
                                                    <camt52:OrgId>
                                                        <camt52:Othr>
                                                            <camt52:Id>business id</camt52:Id>
                                                            <camt52:SchmeNm>
                                                                <camt52:Cd>y</camt52:Cd>
                                                            </camt52:SchmeNm>
                                                        </camt52:Othr>
                                                    </camt52:OrgId>
                                                </camt52:Id>
                                            </camt52:MsgRcpt>
                                            <camt52:AddtInf>Additional information from sender</camt52:AddtInf>
                                        </camt52:GrpHdr>
                                        <camt52:Rpt>
                                            <camt52:Id>2026-01-01-04.44.12-EUR0123</camt52:Id>
                                            <camt52:ElctrncSeqNb>1</camt52:ElctrncSeqNb>
                                            <camt52:LglSeqNb>1</camt52:LglSeqNb>
                                            <camt52:CreDtTm>2019-05-09T04:33:00.444Z</camt52:CreDtTm>
                                            <camt52:FrToDt>
                                                <camt52:FrDtTm>2019-05-08T00:00:00.444Z</camt52:FrDtTm>
                                                <camt52:ToDtTm>2019-05-08T23:30:00.444Z</camt52:ToDtTm>
                                            </camt52:FrToDt>
                                            <camt52:Acct>
                                                <camt52:Id>
                                                    <camt52:IBAN>FI8529501800030574</camt52:IBAN>
                                                </camt52:Id>
                                                <camt52:Svcr>
                                                    <camt52:FinInstnId>
                                                        <camt52:BICFI>XXXXFIHH</camt52:BICFI>
                                                        <camt52:Nm>Name of the sender</camt52:Nm>
                                                        <camt52:Othr>
                                                            <camt52:Id>business id</camt52:Id>
                                                            <camt52:SchmeNm>
                                                                <camt52:Cd>y</camt52:Cd>
                                                            </camt52:SchmeNm>
                                                        </camt52:Othr>
                                                    </camt52:FinInstnId>
                                                </camt52:Svcr>
                                            </camt52:Acct>
                                            <camt52:Bal>
                                                <camt52:Tp>
                                                    <camt52:CdOrPrtry>
                                                        <camt52:Cd>OPBD</camt52:Cd>
                                                    </camt52:CdOrPrtry>
                                                </camt52:Tp>
                                                <camt52:CdtLine>
                                                    <camt52:Incl>false</camt52:Incl>
                                                    <camt52:Amt Ccy="EUR">10000.00</camt52:Amt>
                                                </camt52:CdtLine>
                                                <camt52:Amt Ccy="EUR">200.50</camt52:Amt>
                                                <camt52:CdtDbtInd>CRDT</camt52:CdtDbtInd>
                                                <camt52:Dt>
                                                    <camt52:DtTm>2019-05-08T00:00:00.444Z</camt52:DtTm>
                                                </camt52:Dt>
                                            </camt52:Bal>
                                            <camt52:Bal>
                                                <camt52:Tp>
                                                    <camt52:CdOrPrtry>
                                                        <camt52:Cd>CLBD</camt52:Cd>
                                                    </camt52:CdOrPrtry>
                                                </camt52:Tp>
                                                <camt52:CdtLine>
                                                    <camt52:Incl>false</camt52:Incl>
                                                    <camt52:Amt Ccy="EUR">10000.00</camt52:Amt>
                                                </camt52:CdtLine>
                                                <camt52:Amt Ccy="EUR">8800.50</camt52:Amt>
                                                <camt52:CdtDbtInd>CRDT</camt52:CdtDbtInd>
                                                <camt52:Dt>
                                                    <camt52:DtTm>2019-05-08T23:30:00.444Z</camt52:DtTm>
                                                </camt52:Dt>
                                            </camt52:Bal>
                                            <camt52:TxsSummry>
                                                <camt52:TtlNtries>
                                                    <camt52:NbOfNtries>6</camt52:NbOfNtries>
                                                    <camt52:TtlNetNtry>
                                                        <camt52:Amt>8600</camt52:Amt>
                                                        <camt52:CdtDbtInd>CRDT</camt52:CdtDbtInd>
                                                    </camt52:TtlNetNtry>
                                                </camt52:TtlNtries>
                                                <camt52:TtlCdtNtries>
                                                    <camt52:NbOfNtries>2</camt52:NbOfNtries>
                                                </camt52:TtlCdtNtries>
                                                <camt52:TtlDbtNtries>
                                                    <camt52:NbOfNtries>4</camt52:NbOfNtries>
                                                </camt52:TtlDbtNtries>
                                            </camt52:TxsSummry>
                                            <camt52:Ntry>
                                                <camt52:NtryRef>1</camt52:NtryRef>
                                                <camt52:AcctSvcrRef>1234</camt52:AcctSvcrRef>
                                                <camt52:Amt Ccy="EUR">10000.00</camt52:Amt>
                                                <camt52:CdtDbtInd>CRDT</camt52:CdtDbtInd>
                                                <camt52:RvslInd>false</camt52:RvslInd>
                                                <camt52:Sts>
                                                    <camt52:Cd>BOOK</camt52:Cd>
                                                </camt52:Sts>
                                                <camt52:BookgDt>
                                                    <camt52:DtTm>2019-05-08T00:00:00.444Z</camt52:DtTm>
                                                </camt52:BookgDt>
                                                <camt52:ValDt>
                                                    <camt52:DtTm>2019-05-08T00:00:00.444Z</camt52:DtTm>
                                                </camt52:ValDt>
                                                <camt52:BkTxCd>
                                                    <camt52:Prtry>
                                                        <camt52:Cd>7xxTEXT</camt52:Cd>
                                                    </camt52:Prtry>
                                                    <camt52:Domn>
                                                        <camt52:Cd>PMNT</camt52:Cd>
                                                        <camt52:Fmly>
                                                            <camt52:Cd>RCDT</camt52:Cd>
                                                            <camt52:SubFmlyCd>ESCT</camt52:SubFmlyCd>
                                                        </camt52:Fmly>
                                                    </camt52:Domn>
                                                </camt52:BkTxCd>
                                                <camt52:NtryDtls>
                                                    <camt52:Btch>
                                                        <camt52:MsgId>MsgId</camt52:MsgId>
                                                        <camt52:PmtInfId>PmtInfId</camt52:PmtInfId>
                                                        <camt52:NbOfTxs>Number of transactions in the batch</camt52:NbOfTxs>
                                                        <camt52:TtlAmt Ccy="EUR">10000.00</camt52:TtlAmt>
                                                        <camt52:CdtDbtInd>CRDT</camt52:CdtDbtInd>
                                                    </camt52:Btch>
                                                    <camt52:TxDtls>
                                                        <camt52:Refs>
                                                            <camt52:InstrId>Debitor ref</camt52:InstrId>
                                                        </camt52:Refs>
                                                        <camt52:AmtDtls>
                                                            <camt52:TxAmt>
                                                                <camt52:Amt Ccy="EUR">3300.00</camt52:Amt>
                                                                <camt52:CcyXchg>
                                                                    <camt52:UnitCcy>USD</camt52:UnitCcy>
                                                                    <camt52:SrcCcy>USD</camt52:SrcCcy>
                                                                    <camt52:XchgRate>1.10</camt52:XchgRate>
                                                                </camt52:CcyXchg>
                                                            </camt52:TxAmt>
                                                        </camt52:AmtDtls>
                                                        <camt52:CdtDbtInd>CRDT</camt52:CdtDbtInd>
                                                        <camt52:Purp>
                                                            <camt52:Cd>ExternalPurpose1Code</camt52:Cd> | <camt52:Prtry>Max35Text</camt52:Prtry>
                                                        </camt52:Purp>
                                                        <camt52:RltdPties>
                                                            <camt52:Dbtr>
                                                                <camt52:Pty>
                                                                    <camt52:Nm>Maksaja</camt52:Nm>
                                                                </camt52:Pty>
                                                            </camt52:Dbtr>
                                                            <camt52:DbtrAcct>
                                                                <camt52:Id>
                                                                    <camt52:IBAN>FI2447066587000379</camt52:IBAN>
                                                                </camt52:Id>
                                                            </camt52:DbtrAcct>
                                                            <camt52:Cdtr>
                                                                <camt52:Pty>
                                                                    <camt52:Nm>Saaja</camt52:Nm>
                                                                </camt52:Pty>
                                                            </camt52:Cdtr>
                                                            <camt52:CdtrAcct>
                                                                <camt52:Id>
                                                                    <camt52:IBAN>FI2447066587000379</camt52:IBAN>
                                                                </camt52:Id>
                                                                <camt52:Tp>
                                                                    <camt52:Cd>ExternalCashAccountType1Code</camt52:Cd> | <camt52:Prtry>Max35Text</camt52:Prtry>
                                                                </camt52:Tp>
                                                            </camt52:CdtrAcct>
                                                        </camt52:RltdPties>
                                                        <camt52:RltdAgts>
                                                            <camt52:DbtrAgt>
                                                                <camt52:FinInstnId>
                                                                    <camt52:BICFI>XXXXFIHH</camt52:BICFI>
                                                                </camt52:FinInstnId>
                                                            </camt52:DbtrAgt>
                                                            <camt52:CdtrAgt>
                                                                <camt52:FinInstnId>
                                                                    <camt52:BICFI>XXXXFIHH</camt52:BICFI>
                                                                </camt52:FinInstnId>
                                                            </camt52:CdtrAgt>
                                                        </camt52:RltdAgts>
                                                        <camt52:RmtInf>
                                                            <camt52:Ustrd>Free text max 140 characters</camt52:Ustrd>
                                                            <camt52:Strd>
                                                                <camt52:CdtrRefInf>
                                                                    <camt52:Ref>Max35Text</camt52:Ref>
                                                                </camt52:CdtrRefInf>
                                                            </camt52:Strd>
                                                        </camt52:RmtInf>
                                                        <camt52:RltdDts>
                                                            <camt52:AccptncDtTm>2019-05-07T00:00:00Z</camt52:AccptncDtTm>
                                                        </camt52:RltdDts>
                                                    </camt52:TxDtls>
                                                    <camt52:TxDtls>
                                                        <camt52:Refs>
                                                            <camt52:InstrId>Debitor ref</camt52:InstrId>
                                                        </camt52:Refs>
                                                        <camt52:AmtDtls>
                                                            <camt52:TxAmt>
                                                                <camt52:Amt Ccy="EUR">1500.00</camt52:Amt>
                                                                <camt52:CcyXchg>
                                                                    <camt52:UnitCcy>USD</camt52:UnitCcy>
                                                                    <camt52:SrcCcy>USD</camt52:SrcCcy>
                                                                    <camt52:XchgRate>1.10</camt52:XchgRate>
                                                                </camt52:CcyXchg>
                                                            </camt52:TxAmt>
                                                        </camt52:AmtDtls>
                                                        <camt52:CdtDbtInd>CRDT</camt52:CdtDbtInd>
                                                        <camt52:Purp>
                                                            <camt52:Cd>ExternalPurpose1Code</camt52:Cd> | <camt52:Prtry>Max35Text</camt52:Prtry>
                                                        </camt52:Purp>
                                                        <camt52:RltdPties>
                                                            <camt52:Dbtr>
                                                                <camt52:Pty>
                                                                    <camt52:Nm>Maksaja</camt52:Nm>
                                                                </camt52:Pty>
                                                            </camt52:Dbtr>
                                                            <camt52:DbtrAcct>
                                                                <camt52:Id>
                                                                    <camt52:IBAN>FI2447066587000379</camt52:IBAN>
                                                                </camt52:Id>
                                                            </camt52:DbtrAcct>
                                                            <camt52:Cdtr>
                                                                <camt52:Pty>
                                                                    <camt52:Nm>Saaja</camt52:Nm>
                                                                </camt52:Pty>
                                                            </camt52:Cdtr>
                                                            <camt52:CdtrAcct>
                                                                <camt52:Id>
                                                                    <camt52:IBAN>FI2447066587000379</camt52:IBAN>
                                                                </camt52:Id>
                                                                <camt52:Tp>
                                                                    <camt52:Cd>ExternalCashAccountType1Code</camt52:Cd> | <camt52:Prtry>Max35Text</camt52:Prtry>
                                                                </camt52:Tp>
                                                            </camt52:CdtrAcct>
                                                        </camt52:RltdPties>
                                                        <camt52:RltdAgts>
                                                            <camt52:DbtrAgt>
                                                                <camt52:FinInstnId>
                                                                    <camt52:BICFI>XXXXFIHH</camt52:BICFI>
                                                                </camt52:FinInstnId>
                                                            </camt52:DbtrAgt>
                                                            <camt52:CdtrAgt>
                                                                <camt52:FinInstnId>
                                                                    <camt52:BICFI>XXXXFIHH</camt52:BICFI>
                                                                </camt52:FinInstnId>
                                                            </camt52:CdtrAgt>
                                                        </camt52:RltdAgts>
                                                        <camt52:RmtInf>
                                                            <camt52:Ustrd>Free text max 140 characters</camt52:Ustrd>
                                                            <camt52:Strd>
                                                                <camt52:CdtrRefInf>
                                                                    <camt52:Ref>Max35Text</camt52:Ref>
                                                                </camt52:CdtrRefInf>
                                                            </camt52:Strd>
                                                        </camt52:RmtInf>
                                                        <camt52:RltdDts>
                                                            <camt52:AccptncDtTm>2019-05-07T00:00:00Z</camt52:AccptncDtTm>
                                                        </camt52:RltdDts>
                                                    </camt52:TxDtls>
                                                    <camt52:TxDtls>
                                                        <camt52:Refs>
                                                            <camt52:InstrId>Debitor ref</camt52:InstrId>
                                                        </camt52:Refs>
                                                        <camt52:AmtDtls>
                                                            <camt52:TxAmt>
                                                                <camt52:Amt Ccy="EUR">5800.00</camt52:Amt>
                                                                <camt52:CcyXchg>
                                                                    <camt52:UnitCcy>USD</camt52:UnitCcy>
                                                                    <camt52:SrcCcy>USD</camt52:SrcCcy>
                                                                    <camt52:XchgRate>1.10</camt52:XchgRate>
                                                                </camt52:CcyXchg>
                                                            </camt52:TxAmt>
                                                        </camt52:AmtDtls>
                                                        <camt52:CdtDbtInd>CRDT</camt52:CdtDbtInd>
                                                        <camt52:Purp>
                                                            <camt52:Cd>ExternalPurpose1Code</camt52:Cd> | <camt52:Prtry>Max35Text</camt52:Prtry>
                                                        </camt52:Purp>
                                                        <camt52:RltdPties>
                                                            <camt52:Dbtr>
                                                                <camt52:Pty>
                                                                    <camt52:Nm>Maksaja</camt52:Nm>
                                                                </camt52:Pty>
                                                            </camt52:Dbtr>
                                                            <camt52:DbtrAcct>
                                                                <camt52:Id>
                                                                    <camt52:IBAN>FI2447066587000379</camt52:IBAN>
                                                                </camt52:Id>
                                                            </camt52:DbtrAcct>
                                                            <camt52:Cdtr>
                                                                <camt52:Pty>
                                                                    <camt52:Nm>Saaja</camt52:Nm>
                                                                </camt52:Pty>
                                                            </camt52:Cdtr>
                                                            <camt52:CdtrAcct>
                                                                <camt52:Id>
                                                                    <camt52:IBAN>FI2447066587000379</camt52:IBAN>
                                                                </camt52:Id>
                                                                <camt52:Tp>
                                                                    <camt52:Cd>ExternalCashAccountType1Code</camt52:Cd> | <camt52:Prtry>Max35Text</camt52:Prtry>
                                                                </camt52:Tp>
                                                            </camt52:CdtrAcct>
                                                        </camt52:RltdPties>
                                                        <camt52:RltdAgts>
                                                            <camt52:DbtrAgt>
                                                                <camt52:FinInstnId>
                                                                    <camt52:BICFI>XXXXFIHH</camt52:BICFI>
                                                                </camt52:FinInstnId>
                                                            </camt52:DbtrAgt>
                                                            <camt52:CdtrAgt>
                                                                <camt52:FinInstnId>
                                                                    <camt52:BICFI>XXXXFIHH</camt52:BICFI>
                                                                </camt52:FinInstnId>
                                                            </camt52:CdtrAgt>
                                                        </camt52:RltdAgts>
                                                        <camt52:RmtInf>
                                                            <camt52:Ustrd>Free text max 140 characters</camt52:Ustrd>
                                                            <camt52:Strd>
                                                                <camt52:CdtrRefInf>
                                                                    <camt52:Ref>Max35Text</camt52:Ref>
                                                                </camt52:CdtrRefInf>
                                                            </camt52:Strd>
                                                        </camt52:RmtInf>
                                                        <camt52:RltdDts>
                                                            <camt52:AccptncDtTm>2019-05-07T00:00:00Z</camt52:AccptncDtTm>
                                                        </camt52:RltdDts>
                                                    </camt52:TxDtls>
                                                    <camt52:TxDtls>
                                                        <camt52:Refs>
                                                            <camt52:InstrId>Debitor ref</camt52:InstrId>
                                                        </camt52:Refs>
                                                        <camt52:AmtDtls>
                                                            <camt52:TxAmt>
                                                                <camt52:Amt Ccy="EUR">400.00</camt52:Amt>
                                                                <camt52:CcyXchg>
                                                                    <camt52:UnitCcy>USD</camt52:UnitCcy>
                                                                    <camt52:SrcCcy>USD</camt52:SrcCcy>
                                                                    <camt52:XchgRate>1.10</camt52:XchgRate>
                                                                </camt52:CcyXchg>
                                                            </camt52:TxAmt>
                                                        </camt52:AmtDtls>
                                                        <camt52:CdtDbtInd>CRDT</camt52:CdtDbtInd>
                                                        <camt52:Purp>
                                                            <camt52:Cd>ExternalPurpose1Code</camt52:Cd> | <camt52:Prtry>Max35Text</camt52:Prtry>
                                                        </camt52:Purp>
                                                        <camt52:RltdPties>
                                                            <camt52:Dbtr>
                                                                <camt52:Pty>
                                                                    <camt52:Nm>Maksaja</camt52:Nm>
                                                                </camt52:Pty>
                                                            </camt52:Dbtr>
                                                            <camt52:DbtrAcct>
                                                                <camt52:Id>
                                                                    <camt52:IBAN>FI2447066587000379</camt52:IBAN>
                                                                </camt52:Id>
                                                            </camt52:DbtrAcct>
                                                            <camt52:Cdtr>
                                                                <camt52:Pty>
                                                                    <camt52:Nm>Saaja</camt52:Nm>
                                                                </camt52:Pty>
                                                            </camt52:Cdtr>
                                                            <camt52:CdtrAcct>
                                                                <camt52:Id>
                                                                    <camt52:IBAN>FI2447066587000379</camt52:IBAN>
                                                                </camt52:Id>
                                                                <camt52:Tp>
                                                                    <camt52:Cd>ExternalCashAccountType1Code</camt52:Cd> | <camt52:Prtry>Max35Text</camt52:Prtry>
                                                                </camt52:Tp>
                                                            </camt52:CdtrAcct>
                                                        </camt52:RltdPties>
                                                        <camt52:RltdAgts>
                                                            <camt52:DbtrAgt>
                                                                <camt52:FinInstnId>
                                                                    <camt52:BICFI>XXXXFIHH</camt52:BICFI>
                                                                </camt52:FinInstnId>
                                                            </camt52:DbtrAgt>
                                                            <camt52:CdtrAgt>
                                                                <camt52:FinInstnId>
                                                                    <camt52:BICFI>XXXXFIHH</camt52:BICFI>
                                                                </camt52:FinInstnId>
                                                            </camt52:CdtrAgt>
                                                        </camt52:RltdAgts>
                                                        <camt52:RmtInf>
                                                            <camt52:Ustrd>Free text max 140 characters</camt52:Ustrd>
                                                            <camt52:Strd>
                                                                <camt52:CdtrRefInf>
                                                                    <camt52:Ref>Max35Text</camt52:Ref>
                                                                </camt52:CdtrRefInf>
                                                            </camt52:Strd>
                                                        </camt52:RmtInf>
                                                        <camt52:RltdDts>
                                                            <camt52:AccptncDtTm>2019-05-07T00:00:00Z</camt52:AccptncDtTm>
                                                        </camt52:RltdDts>
                                                    </camt52:TxDtls>
                                                </camt52:NtryDtls>
                                            </camt52:Ntry>
                                            <camt52:Ntry>
                                                <camt52:NtryRef>2</camt52:NtryRef>
                                                <camt52:AcctSvcrRef>1234</camt52:AcctSvcrRef>
                                                <camt52:Amt Ccy="EUR">600.00</camt52:Amt>
                                                <camt52:CdtDbtInd>CRDT</camt52:CdtDbtInd>
                                                <camt52:RvslInd>false</camt52:RvslInd>
                                                <camt52:Sts>
                                                    <camt52:Cd>BOOK</camt52:Cd>
                                                </camt52:Sts>
                                                <camt52:BookgDt>
                                                    <camt52:DtTm>2019-05-08T00:00:00.444Z</camt52:DtTm>
                                                </camt52:BookgDt>
                                                <camt52:ValDt>
                                                    <camt52:DtTm>2019-05-08T00:00:00.444Z</camt52:DtTm>
                                                </camt52:ValDt>
                                                <camt52:BkTxCd>
                                                    <camt52:Prtry>
                                                        <camt52:Cd>7xxTEXT</camt52:Cd>
                                                    </camt52:Prtry>
                                                    <camt52:Domn>
                                                        <camt52:Cd>PMNT</camt52:Cd>
                                                        <camt52:Fmly>
                                                            <camt52:Cd>RCDT</camt52:Cd>
                                                            <camt52:SubFmlyCd>ESCT</camt52:SubFmlyCd>
                                                        </camt52:Fmly>
                                                    </camt52:Domn>
                                                </camt52:BkTxCd>
                                                <camt52:NtryDtls>
                                                    <camt52:TxDtls>
                                                        <camt52:Refs>
                                                            <camt52:InstrId>Debitor ref</camt52:InstrId>
                                                        </camt52:Refs>
                                                        <camt52:AmtDtls>
                                                            <camt52:TxAmt>
                                                                <camt52:Amt Ccy="EUR">600.00</camt52:Amt>
                                                                <camt52:CcyXchg>
                                                                    <camt52:UnitCcy>EUR</camt52:UnitCcy>
                                                                    <camt52:SrcCcy>EUR</camt52:SrcCcy>
                                                                    <camt52:XchgRate>1.00</camt52:XchgRate>
                                                                </camt52:CcyXchg>
                                                            </camt52:TxAmt>
                                                        </camt52:AmtDtls>
                                                        <camt52:CdtDbtInd>CRDT</camt52:CdtDbtInd>
                                                        <camt52:Purp>
                                                            <camt52:Cd>ExternalPurpose1Code</camt52:Cd> | <camt52:Prtry>Max35Text</camt52:Prtry>
                                                        </camt52:Purp>
                                                        <camt52:RltdPties>
                                                            <camt52:Dbtr>
                                                                <camt52:Pty>
                                                                    <camt52:Nm>Maksaja</camt52:Nm>
                                                                </camt52:Pty>
                                                            </camt52:Dbtr>
                                                            <camt52:DbtrAcct>
                                                                <camt52:Id>
                                                                    <camt52:IBAN>FI2447066587000379</camt52:IBAN>
                                                                </camt52:Id>
                                                            </camt52:DbtrAcct>
                                                            <camt52:Cdtr>
                                                                <camt52:Pty>
                                                                    <camt52:Nm>Saaja</camt52:Nm>
                                                                </camt52:Pty>
                                                            </camt52:Cdtr>
                                                            <camt52:CdtrAcct>
                                                                <camt52:Id>
                                                                    <camt52:IBAN>FI2447066587000379</camt52:IBAN>
                                                                </camt52:Id>
                                                                <camt52:Tp>
                                                                    <camt52:Cd>ExternalCashAccountType1Code</camt52:Cd> | <camt52:Prtry>Max35Text</camt52:Prtry>
                                                                </camt52:Tp>
                                                            </camt52:CdtrAcct>
                                                        </camt52:RltdPties>
                                                        <camt52:RltdAgts>
                                                            <camt52:DbtrAgt>
                                                                <camt52:FinInstnId>
                                                                    <camt52:BICFI>XXXXFIHH</camt52:BICFI>
                                                                </camt52:FinInstnId>
                                                            </camt52:DbtrAgt>
                                                            <camt52:CdtrAgt>
                                                                <camt52:FinInstnId>
                                                                    <camt52:BICFI>XXXXFIHH</camt52:BICFI>
                                                                </camt52:FinInstnId>
                                                            </camt52:CdtrAgt>
                                                        </camt52:RltdAgts>
                                                        <camt52:RmtInf>
                                                            <camt52:Ustrd>Free text max 140 characters</camt52:Ustrd>
                                                            <camt52:Strd>
                                                                <camt52:CdtrRefInf>
                                                                    <camt52:Ref>Max35Text</camt52:Ref>
                                                                </camt52:CdtrRefInf>
                                                            </camt52:Strd>
                                                        </camt52:RmtInf>
                                                        <camt52:RltdDts>
                                                            <camt52:AccptncDtTm>2019-05-07T00:00:00Z</camt52:AccptncDtTm>
                                                        </camt52:RltdDts>
                                                    </camt52:TxDtls>
                                                </camt52:NtryDtls>
                                            </camt52:Ntry>
                                            <camt52:Ntry>
                                                <camt52:NtryRef>3</camt52:NtryRef>
                                                <camt52:AcctSvcrRef>1234</camt52:AcctSvcrRef>
                                                <camt52:Amt Ccy="EUR">600.00</camt52:Amt>
                                                <camt52:CdtDbtInd>CRDT</camt52:CdtDbtInd>
                                                <camt52:RvslInd>false</camt52:RvslInd>
                                                <camt52:Sts>
                                                    <camt52:Cd>BOOK</camt52:Cd>
                                                </camt52:Sts>
                                                <camt52:BookgDt>
                                                    <camt52:DtTm>2019-05-08T00:00:00.444Z</camt52:DtTm>
                                                </camt52:BookgDt>
                                                <camt52:ValDt>
                                                    <camt52:DtTm>2019-05-08T00:00:00.444Z</camt52:DtTm>
                                                </camt52:ValDt>
                                                <camt52:BkTxCd>
                                                    <camt52:Prtry>
                                                        <camt52:Cd>7xxTEXT</camt52:Cd>
                                                    </camt52:Prtry>
                                                    <camt52:Domn>
                                                        <camt52:Cd>PMNT</camt52:Cd>
                                                        <camt52:Fmly>
                                                            <camt52:Cd>RCDT</camt52:Cd>
                                                            <camt52:SubFmlyCd>ESCT</camt52:SubFmlyCd>
                                                        </camt52:Fmly>
                                                    </camt52:Domn>
                                                </camt52:BkTxCd>
                                                <camt52:NtryDtls>
                                                    <camt52:TxDtls>
                                                        <camt52:Refs>
                                                            <camt52:InstrId>Debitor ref</camt52:InstrId>
                                                        </camt52:Refs>
                                                        <camt52:AmtDtls>
                                                            <camt52:TxAmt>
                                                                <camt52:Amt Ccy="EUR">600.00</camt52:Amt>
                                                                <camt52:CcyXchg>
                                                                    <camt52:UnitCcy>EUR</camt52:UnitCcy>
                                                                    <camt52:SrcCcy>EUR</camt52:SrcCcy>
                                                                    <camt52:XchgRate>1.00</camt52:XchgRate>
                                                                </camt52:CcyXchg>
                                                            </camt52:TxAmt>
                                                        </camt52:AmtDtls>
                                                        <camt52:CdtDbtInd>DBIT</camt52:CdtDbtInd>
                                                        <camt52:Purp>
                                                            <camt52:Cd>ExternalPurpose1Code</camt52:Cd> | <camt52:Prtry>Max35Text</camt52:Prtry>
                                                        </camt52:Purp>
                                                        <camt52:RltdPties>
                                                            <camt52:Dbtr>
                                                                <camt52:Pty>
                                                                    <camt52:Nm>Maksaja</camt52:Nm>
                                                                </camt52:Pty>
                                                            </camt52:Dbtr>
                                                            <camt52:DbtrAcct>
                                                                <camt52:Id>
                                                                    <camt52:IBAN>FI2447066587000379</camt52:IBAN>
                                                                </camt52:Id>
                                                            </camt52:DbtrAcct>
                                                            <camt52:Cdtr>
                                                                <camt52:Pty>
                                                                    <camt52:Nm>Saaja</camt52:Nm>
                                                                </camt52:Pty>
                                                            </camt52:Cdtr>
                                                            <camt52:CdtrAcct>
                                                                <camt52:Id>
                                                                    <camt52:IBAN>FI2447066587000379</camt52:IBAN>
                                                                </camt52:Id>
                                                                <camt52:Tp>
                                                                    <camt52:Cd>ExternalCashAccountType1Code</camt52:Cd> | <camt52:Prtry>Max35Text</camt52:Prtry>
                                                                </camt52:Tp>
                                                            </camt52:CdtrAcct>
                                                        </camt52:RltdPties>
                                                        <camt52:RltdAgts>
                                                            <camt52:DbtrAgt>
                                                                <camt52:FinInstnId>
                                                                    <camt52:BICFI>XXXXFIHH</camt52:BICFI>
                                                                </camt52:FinInstnId>
                                                            </camt52:DbtrAgt>
                                                            <camt52:CdtrAgt>
                                                                <camt52:FinInstnId>
                                                                    <camt52:BICFI>XXXXFIHH</camt52:BICFI>
                                                                </camt52:FinInstnId>
                                                            </camt52:CdtrAgt>
                                                        </camt52:RltdAgts>
                                                        <camt52:RmtInf>
                                                            <camt52:Ustrd>Free text max 140 characters</camt52:Ustrd>
                                                            <camt52:Strd>
                                                                <camt52:CdtrRefInf>
                                                                    <camt52:Ref>Max35Text</camt52:Ref>
                                                                </camt52:CdtrRefInf>
                                                            </camt52:Strd>
                                                        </camt52:RmtInf>
                                                        <camt52:RltdDts>
                                                            <camt52:AccptncDtTm>2019-05-07T00:00:00Z</camt52:AccptncDtTm>
                                                        </camt52:RltdDts>
                                                    </camt52:TxDtls>
                                                </camt52:NtryDtls>
                                            </camt52:Ntry>
                                            <camt52:Ntry>
                                                <camt52:NtryRef>4</camt52:NtryRef>
                                                <camt52:AcctSvcrRef>1234</camt52:AcctSvcrRef>
                                                <camt52:Amt Ccy="EUR">400.00</camt52:Amt>
                                                <camt52:CdtDbtInd>DBIT</camt52:CdtDbtInd>
                                                <camt52:RvslInd>false</camt52:RvslInd>
                                                <camt52:Sts>
                                                    <camt52:Cd>BOOK</camt52:Cd>
                                                </camt52:Sts>
                                                <camt52:BookgDt>
                                                    <camt52:DtTm>2019-05-08T00:00:00.444Z</camt52:DtTm>
                                                </camt52:BookgDt>
                                                <camt52:ValDt>
                                                    <camt52:DtTm>2019-05-08T00:00:00.444Z</camt52:DtTm>
                                                </camt52:ValDt>
                                                <camt52:BkTxCd>
                                                    <camt52:Prtry>
                                                        <camt52:Cd>7xxTEXT</camt52:Cd>
                                                    </camt52:Prtry>
                                                    <camt52:Domn>
                                                        <camt52:Cd>PMNT</camt52:Cd>
                                                        <camt52:Fmly>
                                                            <camt52:Cd>RCDT</camt52:Cd>
                                                            <camt52:SubFmlyCd>ESCT</camt52:SubFmlyCd>
                                                        </camt52:Fmly>
                                                    </camt52:Domn>
                                                </camt52:BkTxCd>
                                                <camt52:NtryDtls>
                                                    <camt52:TxDtls>
                                                        <camt52:Refs>
                                                            <camt52:InstrId>Debitor ref</camt52:InstrId>
                                                        </camt52:Refs>
                                                        <camt52:AmtDtls>
                                                            <camt52:TxAmt>
                                                                <camt52:Amt Ccy="EUR">400.00</camt52:Amt>
                                                                <camt52:CcyXchg>
                                                                    <camt52:UnitCcy>EUR</camt52:UnitCcy>
                                                                    <camt52:SrcCcy>EUR</camt52:SrcCcy>
                                                                    <camt52:XchgRate>1.00</camt52:XchgRate>
                                                                </camt52:CcyXchg>
                                                            </camt52:TxAmt>
                                                        </camt52:AmtDtls>
                                                        <camt52:CdtDbtInd>DBIT</camt52:CdtDbtInd>
                                                        <camt52:Purp>
                                                            <camt52:Cd>ExternalPurpose1Code</camt52:Cd> | <camt52:Prtry>Max35Text</camt52:Prtry>
                                                        </camt52:Purp>
                                                        <camt52:RltdPties>
                                                            <camt52:Dbtr>
                                                                <camt52:Pty>
                                                                    <camt52:Nm>Maksaja</camt52:Nm>
                                                                </camt52:Pty>
                                                            </camt52:Dbtr>
                                                            <camt52:DbtrAcct>
                                                                <camt52:Id>
                                                                    <camt52:IBAN>FI2447066587000379</camt52:IBAN>
                                                                </camt52:Id>
                                                            </camt52:DbtrAcct>
                                                            <camt52:Cdtr>
                                                                <camt52:Pty>
                                                                    <camt52:Nm>Saaja</camt52:Nm>
                                                                </camt52:Pty>
                                                            </camt52:Cdtr>
                                                            <camt52:CdtrAcct>
                                                                <camt52:Id>
                                                                    <camt52:IBAN>FI2447066587000379</camt52:IBAN>
                                                                </camt52:Id>
                                                                <camt52:Tp>
                                                                    <camt52:Cd>ExternalCashAccountType1Code</camt52:Cd> | <camt52:Prtry>Max35Text</camt52:Prtry>
                                                                </camt52:Tp>
                                                            </camt52:CdtrAcct>
                                                        </camt52:RltdPties>
                                                        <camt52:RltdAgts>
                                                            <camt52:DbtrAgt>
                                                                <camt52:FinInstnId>
                                                                    <camt52:BICFI>XXXXFIHH</camt52:BICFI>
                                                                </camt52:FinInstnId>
                                                            </camt52:DbtrAgt>
                                                            <camt52:CdtrAgt>
                                                                <camt52:FinInstnId>
                                                                    <camt52:BICFI>XXXXFIHH</camt52:BICFI>
                                                                </camt52:FinInstnId>
                                                            </camt52:CdtrAgt>
                                                        </camt52:RltdAgts>
                                                        <camt52:RmtInf>
                                                            <camt52:Ustrd>Free text max 140 characters</camt52:Ustrd>
                                                            <camt52:Strd>
                                                                <camt52:CdtrRefInf>
                                                                    <camt52:Ref>Max35Text</camt52:Ref>
                                                                </camt52:CdtrRefInf>
                                                            </camt52:Strd>
                                                        </camt52:RmtInf>
                                                        <camt52:RltdDts>
                                                            <camt52:AccptncDtTm>2019-05-07T00:00:00Z</camt52:AccptncDtTm>
                                                        </camt52:RltdDts>
                                                    </camt52:TxDtls>
                                                </camt52:NtryDtls>
                                            </camt52:Ntry>
                                            <camt52:Ntry>
                                                <camt52:NtryRef>5</camt52:NtryRef>
                                                <camt52:AcctSvcrRef>1234</camt52:AcctSvcrRef>
                                                <camt52:Amt Ccy="EUR">1000.00</camt52:Amt>
                                                <camt52:CdtDbtInd>DBIT</camt52:CdtDbtInd>
                                                <camt52:RvslInd>false</camt52:RvslInd>
                                                <camt52:Sts>
                                                    <camt52:Cd>BOOK</camt52:Cd>
                                                </camt52:Sts>
                                                <camt52:BookgDt>
                                                    <camt52:DtTm>2019-05-08T00:00:00.444Z</camt52:DtTm>
                                                </camt52:BookgDt>
                                                <camt52:ValDt>
                                                    <camt52:DtTm>2019-05-08T00:00:00.444Z</camt52:DtTm>
                                                </camt52:ValDt>
                                                <camt52:BkTxCd>
                                                    <camt52:Prtry>
                                                        <camt52:Cd>7xxTEXT</camt52:Cd>
                                                    </camt52:Prtry>
                                                    <camt52:Domn>
                                                        <camt52:Cd>PMNT</camt52:Cd>
                                                        <camt52:Fmly>
                                                            <camt52:Cd>RCDT</camt52:Cd>
                                                            <camt52:SubFmlyCd>ESCT</camt52:SubFmlyCd>
                                                        </camt52:Fmly>
                                                    </camt52:Domn>
                                                </camt52:BkTxCd>
                                                <camt52:NtryDtls>
                                                    <camt52:TxDtls>
                                                        <camt52:Refs>
                                                            <camt52:InstrId>Debitor ref</camt52:InstrId>
                                                        </camt52:Refs>
                                                        <camt52:AmtDtls>
                                                            <camt52:TxAmt>
                                                                <camt52:Amt Ccy="EUR">1000.00</camt52:Amt>
                                                                <camt52:CcyXchg>
                                                                    <camt52:UnitCcy>EUR</camt52:UnitCcy>
                                                                    <camt52:SrcCcy>EUR</camt52:SrcCcy>
                                                                    <camt52:XchgRate>1.00</camt52:XchgRate>
                                                                </camt52:CcyXchg>
                                                            </camt52:TxAmt>
                                                        </camt52:AmtDtls>
                                                        <camt52:CdtDbtInd>DBIT</camt52:CdtDbtInd>
                                                        <camt52:Purp>
                                                            <camt52:Cd>ExternalPurpose1Code</camt52:Cd> | <camt52:Prtry>Max35Text</camt52:Prtry>
                                                        </camt52:Purp>
                                                        <camt52:RltdPties>
                                                            <camt52:Dbtr>
                                                                <camt52:Pty>
                                                                    <camt52:Nm>Maksaja</camt52:Nm>
                                                                </camt52:Pty>
                                                            </camt52:Dbtr>
                                                            <camt52:DbtrAcct>
                                                                <camt52:Id>
                                                                    <camt52:IBAN>FI2447066587000379</camt52:IBAN>
                                                                </camt52:Id>
                                                            </camt52:DbtrAcct>
                                                            <camt52:Cdtr>
                                                                <camt52:Pty>
                                                                    <camt52:Nm>Saaja</camt52:Nm>
                                                                </camt52:Pty>
                                                            </camt52:Cdtr>
                                                            <camt52:CdtrAcct>
                                                                <camt52:Id>
                                                                    <camt52:IBAN>FI2447066587000379</camt52:IBAN>
                                                                </camt52:Id>
                                                                <camt52:Tp>
                                                                    <camt52:Cd>ExternalCashAccountType1Code</camt52:Cd> | <camt52:Prtry>Max35Text</camt52:Prtry>
                                                                </camt52:Tp>
                                                            </camt52:CdtrAcct>
                                                        </camt52:RltdPties>
                                                        <camt52:RltdAgts>
                                                            <camt52:DbtrAgt>
                                                                <camt52:FinInstnId>
                                                                    <camt52:BICFI>XXXXFIHH</camt52:BICFI>
                                                                </camt52:FinInstnId>
                                                            </camt52:DbtrAgt>
                                                            <camt52:CdtrAgt>
                                                                <camt52:FinInstnId>
                                                                    <camt52:BICFI>XXXXFIHH</camt52:BICFI>
                                                                </camt52:FinInstnId>
                                                            </camt52:CdtrAgt>
                                                        </camt52:RltdAgts>
                                                        <camt52:RmtInf>
                                                            <camt52:Ustrd>Free text max 140 characters</camt52:Ustrd>
                                                            <camt52:Strd>
                                                                <camt52:CdtrRefInf>
                                                                    <camt52:Ref>Max35Text</camt52:Ref>
                                                                </camt52:CdtrRefInf>
                                                            </camt52:Strd>
                                                        </camt52:RmtInf>
                                                        <camt52:RltdDts>
                                                            <camt52:AccptncDtTm>2019-05-07T00:00:00Z</camt52:AccptncDtTm>
                                                        </camt52:RltdDts>
                                                    </camt52:TxDtls>
                                                </camt52:NtryDtls>
                                            </camt52:Ntry>
                                        </camt52:Rpt>
                                    </camt52:BkToCstmrAcctRpt>
                                </camt52:Document>
                            </auth002:Rslt>
                        </auth002:InvstgtnRslt>
                    </auth002:RtrInd>
                </auth002:InfReqRspn>
            </auth002:Document>
        </root:ApplicationResponse>
    </SOAP-ENV:Body>
</SOAP-ENV:Envelope>
