<SOAP-ENV:Envelope xmlns:SOAP-ENV="http://schemas.xmlsoap.org/soap/envelope/">
   <SOAP-ENV:Header/>
   <SOAP-ENV:Body>
      <root:ApplicationResponse id="applicationResponse" xmlns:root="urn:fi:tulli:wsdl_root.002">
         <head001:AppHdr xmlns:head001="urn:iso:std:iso:20022:tech:xsd:head.001.001.01">
            <head001:CharSet>UTF-8</head001:CharSet>
            <head001:Fr>...
            </head001:Fr>
            <head001:To>...
            </head001:To>
            <head001:BizMsgIdr>VHRthFWMT/W8qCSolUIs2A==</head001:BizMsgIdr>
            <head001:MsgDefIdr>auth.002.001.01</head001:MsgDefIdr>
            <head001:CreDt>2025-04-30T06:47:24.103443334Z</head001:CreDt>
            <head001:Sgntr>...
            </head001:Sgntr>
            <head001:Rltd>
               <urn1:CharSet xmlns:urn1="urn:iso:std:iso:20022:tech:xsd:head.001.001.01">UTF-8</urn1:CharSet>
               <urn1:Fr xmlns:urn1="urn:iso:std:iso:20022:tech:xsd:head.001.001.01">...
               </urn1:Fr>
               <urn1:To xmlns:urn1="urn:iso:std:iso:20022:tech:xsd:head.001.001.01">...
               </urn1:To>
               <urn1:BizMsgIdr xmlns:urn1="urn:iso:std:iso:20022:tech:xsd:head.001.001.01">Fhrc6o42TWiSzi43DdLsSA==</urn1:BizMsgIdr>
               <urn1:MsgDefIdr xmlns:urn1="urn:iso:std:iso:20022:tech:xsd:head.001.001.01">auth.001.001.01</urn1:MsgDefIdr>
               <urn1:CreDt xmlns:urn1="urn:iso:std:iso:20022:tech:xsd:head.001.001.01">2022-11-29T15:01:00Z</urn1:CreDt>
               <urn1:Sgntr xmlns:urn1="urn:iso:std:iso:20022:tech:xsd:head.001.001.01">...
               </urn1:Sgntr>
            </head001:Rltd>
         </head001:AppHdr>
         <auth002:Document xmlns:auth002="urn:iso:std:iso:20022:tech:xsd:auth.002.001.01">
            <auth002:InfReqRspn>
               <auth002:RspnId>ABC1234</auth002:RspnId>
               <auth002:InvstgtnId>ABC1234</auth002:InvstgtnId>
               <auth002:RspnSts>COMP</auth002:RspnSts>
               <auth002:SchCrit>
                  <auth002:Acct>
                     <auth002:Id>
                        <auth002:Id>
                           <auth002:IBAN>FI3640578195000382</auth002:IBAN>
                        </auth002:Id>
                     </auth002:Id>
                     <auth002:InvstgtdPties>
                        <auth002:Cd>ALLP</auth002:Cd>
                     </auth002:InvstgtdPties>
                     <auth002:AuthrtyReqTp>
                        <auth002:MsgNmId>camt.052.001.08</auth002:MsgNmId>
                     </auth002:AuthrtyReqTp>
                  </auth002:Acct>
               </auth002:SchCrit>
               <auth002:RtrInd>
                  <auth002:AuthrtyReqTp>
                     <auth002:MsgNmId>fin.021.001.04</auth002:MsgNmId>
                  </auth002:AuthrtyReqTp>
                  <auth002:InvstgtnRslt>
                     <auth002:Rslt>
                        <fin021:Document xmlns:fin021="urn:fin.021.001.04">
                           <fin021:QueryResultResponse>
                              <fin021:ResultKeyList>
                                 <fin021:ResultKey datasourceOrganisationId="0788060-2">4ff0ee64-418f-493d-bb3f-6650751c3097</fin021:ResultKey>
                              </fin021:ResultKeyList>
                           </fin021:QueryResultResponse>
                        </fin021:Document>
                     </auth002:Rslt>
                  </auth002:InvstgtnRslt>
               </auth002:RtrInd>
               <auth002:RtrInd>
                  <auth002:AuthrtyReqTp>
                     <auth002:MsgNmId>camt.052.001.08</auth002:MsgNmId>
                  </auth002:AuthrtyReqTp>
                  <auth002:InvstgtnRslt>
                     <auth002:Rslt>
                        <Document xmlns="urn:iso:std:iso:20022:tech:xsd:camt.052.001.08">
                           <BkToCstmrAcctRpt>
                              <GrpHdr>
                                 <MsgId>XML12345678901234567890123456789012</MsgId>
                                 <CreDtTm>2019-05-09T04:33:00.444Z</CreDtTm>
                                 <MsgRcpt>
                                    <Nm>Name of the sender</Nm>
                                    <Id>
                                       <OrgId>
                                          <Othr>
                                             <Id>business id</Id>
                                             <SchmeNm>
                                                <Cd>y</Cd>
                                             </SchmeNm>
                                          </Othr>
                                       </OrgId>
                                    </Id>
                                 </MsgRcpt>
                                 <AddtInf>Additional information from sender</AddtInf>
                              </GrpHdr>
                              <Rpt>
                                 <Id>2026-01-01-04.44.12-EUR0123</Id>
                                 <ElctrncSeqNb>1</ElctrncSeqNb>
                                 <LglSeqNb>1</LglSeqNb>
                                 <CreDtTm>2019-05-09T04:33:00.444Z</CreDtTm>
                                 <FrToDt>
                                    <FrDtTm>2019-05-08T00:00:00.444Z</FrDtTm>
                                    <ToDtTm>2019-05-08T23:30:00.444Z</ToDtTm>
                                 </FrToDt>
                                 <Acct>
                                    <Id>
                                       <IBAN>FI8529501800030574</IBAN>
                                    </Id>
                                    <Svcr>
                                       <FinInstnId>
                                          <BICFI>XXXXFIHH</BICFI>
                                          <Nm>Name of the sender</Nm>
                                          <Othr>
                                             <Id>business id</Id>
                                             <SchmeNm>
                                                <Cd>y</Cd>
                                             </SchmeNm>
                                          </Othr>
                                       </FinInstnId>
                                    </Svcr>
                                 </Acct>
                                 <Bal>
                                    <Tp>
                                       <CdOrPrtry>
                                          <Cd>OPBD</Cd>
                                       </CdOrPrtry>
                                    </Tp>
                                    <CdtLine>
                                       <Incl>false</Incl>
                                       <Amt Ccy="EUR">10000.00</Amt>
                                    </CdtLine>
                                    <Amt Ccy="EUR">200.50</Amt>
                                    <CdtDbtInd>CRDT</CdtDbtInd>
                                    <Dt>
                                       <DtTm>2019-05-08T23:30:00.444Z</DtTm>
                                    </Dt>
                                 </Bal>
                                 <Bal>
                                    <Tp>
                                       <CdOrPrtry>
                                          <Cd>CLBD</Cd>
                                       </CdOrPrtry>
                                    </Tp>
                                    <CdtLine>
                                       <Incl>false</Incl>
                                       <Amt Ccy="EUR">10000.00</Amt>
                                    </CdtLine>
                                    <Amt Ccy="EUR">8800.50</Amt>
                                    <CdtDbtInd>CRDT</CdtDbtInd>
                                    <Dt>
                                       <DtTm>2019-05-08T23:30:00.444Z</DtTm>
                                    </Dt>
                                 </Bal>
                                 <TxsSummry>                                
                                    <TtlNtries>
                                       <NbOfNtries>6</NbOfNtries>
                                       <TtlNetNtry>
                                          <Amt>8600</Amt>
                                          <CdtDbtInd>CRDT</CdtDbtInd>
                                       </TtlNetNtry>
                                    </TtlNtries>
                                    <TtlCdtNtries>
                                       <NbOfNtries>2</NbOfNtries>
                                    </TtlCdtNtries>
                                    <TtlDbtNtries>
                                       <NbOfNtries>4</NbOfNtries>
                                    </TtlDbtNtries>
                                 </TxsSummry>
                                 <Ntry>
                                    <NtryRef>1</NtryRef>
                                    <AcctSvcrRef>1234</AcctSvcrRef>
                                    <Amt Ccy="EUR">10000.00</Amt>
                                    <CdtDbtInd>CRDT</CdtDbtInd>
                                    <RvslInd>false</RvslInd>
                                    <Sts>
                                       <Cd>BOOK</Cd>   
                                    </Sts>
                                    <BookgDt>
                                       <DtTm>2019-05-08T00:00:00.444Z</DtTm>
                                    </BookgDt>
                                    <ValDt>
                                       <DtTm>2019-05-08T00:00:00.444Z</DtTm>
                                    </ValDt>
                                    <BkTxCd>
                                       <Prtry>
                                          <Cd>7xxTEXT</Cd>
                                       </Prtry>
                                       <Domn>
                                          <Cd>PMNT</Cd>
                                          <Fmly>
                                             <Cd>RCDT</Cd>
                                             <SubFmlyCd>ESCT</SubFmlyCd>
                                          </Fmly>
                                       </Domn>
                                    </BkTxCd>
                                    <NtryDtls>
                                       <Btch>
                                          <MsgId>MsgId</MsgId>
                                          <PmtInfId>PmtInfId</PmtInfId>
                                          <NbOfTxs>Number of transactions in the batch</NbOfTxs>
                                          <TtlAmt Ccy="EUR">10000.00</TtlAmt>
                                          <CdtDbtInd>CRDT</CdtDbtInd>
                                       </Btch>
                                       <TxDtls>
                                          <Refs>
                                             <InstrId>Debitor ref</InstrId>
                                          </Refs>
                                          <AmtDtls>
                                             <TxAmt>
                                                <Amt Ccy="EUR">3300.00</Amt>
                                                <CcyXchg>
                                                   <UnitCcy>USD</UnitCcy>
                                                   <SrcCcy>USD</SrcCcy>
                                                   <XchgRate>1.10</XchgRate>
                                                </CcyXchg>
                                             </TxAmt>
                                          </AmtDtls>
                                          <CdtDbtInd>CRDT</CdtDbtInd>
                                          <Purp>
                                             <Cd>ExternalPurpose1Code</Cd> | <Prtry>Max35Text</Prtry>
                                          </Purp>
                                          <RltdPties>
                                             <Dbtr>
                                                <Pty>
                                                   <Nm>Maksaja</Nm>
                                                </Pty>
                                             </Dbtr>
                                             <DbtrAcct>
                                                <Id>
                                                   <IBAN>FI2447066587000379</IBAN>
                                                </Id>
                                             </DbtrAcct>
                                             <Cdtr>
                                                 <Pty>
                                                   <Nm>Saaja</Nm>
                                                </Pty>
                                             </Cdtr>
                                             <CdtrAcct>
                                                <Id>
                                                   <IBAN>FI2447066587000379</IBAN>
                                                </Id>
                                                <Tp>
                                                   <Cd>ExternalCashAccountType1Code</Cd> | <Prtry>Max35Text</Prtry>
                                                </Tp>
                                             </CdtrAcct>
                                          </RltdPties>
                                          <RltdAgts>
                                             <DbtrAgt>
                                                <FinInstnId>
                                                   <BICFI>XXXXFIHH</BICFI>
                                                </FinInstnId>
                                             </DbtrAgt>
                                             <CdtrAgt>
                                                <FinInstnId>
                                                   <BICFI>XXXXFIHH</BICFI>
                                                </FinInstnId>
                                             </CdtrAgt>
                                          </RltdAgts>
                                          <RmtInf>
                                             <Ustrd>Free text max 140 characters</Ustrd>
                                             <Strd>
                                                <CdtrRefInf>
                                                   <Ref>Max35Text</Ref>
                                                </CdtrRefInf>
                                             </Strd>
                                          </RmtInf>
                                          <RltdDts>
                                             <AccptncDtTm>2019-05-07T00:00:00Z</AccptncDtTm>
                                          </RltdDts>
                                       </TxDtls>
                                       <TxDtls>
                                          <Refs>
                                             <InstrId>Debitor ref</InstrId>
                                          </Refs>
                                          <AmtDtls>
                                             <TxAmt>
                                                <Amt Ccy="EUR">1500.00</Amt>
                                                <CcyXchg>
                                                   <UnitCcy>USD</UnitCcy>
                                                   <SrcCcy>USD</SrcCcy>
                                                   <XchgRate>1.10</XchgRate>
                                                </CcyXchg>
                                             </TxAmt>
                                          </AmtDtls>
                                          <CdtDbtInd>CRDT</CdtDbtInd>
                                          <Purp>
                                             <Cd>ExternalPurpose1Code</Cd> | <Prtry>Max35Text</Prtry>
                                          </Purp>
                                          <RltdPties>
                                             <Dbtr>
                                                <Pty>
                                                   <Nm>Maksaja</Nm>
                                                </Pty>
                                             </Dbtr>
                                             <DbtrAcct>
                                                <Id>
                                                   <IBAN>FI2447066587000379</IBAN>
                                                </Id>
                                             </DbtrAcct>
                                             <Cdtr>
                                                 <Pty>
                                                   <Nm>Saaja</Nm>
                                                </Pty>
                                             </Cdtr>
                                             <CdtrAcct>
                                                <Id>
                                                   <IBAN>FI2447066587000379</IBAN>
                                                </Id>
                                                <Tp>
                                                   <Cd>ExternalCashAccountType1Code</Cd> | <Prtry>Max35Text</Prtry>
                                                </Tp>
                                             </CdtrAcct>
                                          </RltdPties>
                                          <RltdAgts>
                                             <DbtrAgt>
                                                <FinInstnId>
                                                   <BICFI>XXXXFIHH</BICFI>
                                                </FinInstnId>
                                             </DbtrAgt>
                                             <CdtrAgt>
                                                <FinInstnId>
                                                   <BICFI>XXXXFIHH</BICFI>
                                                </FinInstnId>
                                             </CdtrAgt>
                                          </RltdAgts>
                                          <RmtInf>
                                             <Ustrd>Free text max 140 characters</Ustrd>
                                             <Strd>
                                                <CdtrRefInf>
                                                   <Ref>Max35Text</Ref>
                                                </CdtrRefInf>
                                             </Strd>
                                          </RmtInf>
                                          <RltdDts>
                                             <AccptncDtTm>2019-05-07T00:00:00Z</AccptncDtTm>
                                          </RltdDts>
                                       </TxDtls>
                                       <TxDtls>
                                          <Refs>
                                             <InstrId>Debitor ref</InstrId>
                                          </Refs>
                                          <AmtDtls>
                                             <TxAmt>
                                                <Amt Ccy="EUR">5800.00</Amt>
                                                <CcyXchg>
                                                   <UnitCcy>USD</UnitCcy>
                                                   <SrcCcy>USD</SrcCcy>
                                                   <XchgRate>1.10</XchgRate>
                                                </CcyXchg>
                                             </TxAmt>
                                          </AmtDtls>
                                          <CdtDbtInd>CRDT</CdtDbtInd>
                                          <Purp>
                                             <Cd>ExternalPurpose1Code</Cd> | <Prtry>Max35Text</Prtry>
                                          </Purp>
                                          <RltdPties>
                                             <Dbtr>
                                                <Pty>
                                                   <Nm>Maksaja</Nm>
                                                </Pty>
                                             </Dbtr>
                                             <DbtrAcct>
                                                <Id>
                                                   <IBAN>FI2447066587000379</IBAN>
                                                </Id>
                                             </DbtrAcct>
                                             <Cdtr>
                                                 <Pty>
                                                   <Nm>Saaja</Nm>
                                                </Pty>
                                             </Cdtr>
                                             <CdtrAcct>
                                                <Id>
                                                   <IBAN>FI2447066587000379</IBAN>
                                                </Id>
                                                <Tp>
                                                   <Cd>ExternalCashAccountType1Code</Cd> | <Prtry>Max35Text</Prtry>
                                                </Tp>
                                             </CdtrAcct>
                                          </RltdPties>
                                          <RltdAgts>
                                             <DbtrAgt>
                                                <FinInstnId>
                                                   <BICFI>XXXXFIHH</BICFI>
                                                </FinInstnId>
                                             </DbtrAgt>
                                             <CdtrAgt>
                                                <FinInstnId>
                                                   <BICFI>XXXXFIHH</BICFI>
                                                </FinInstnId>
                                             </CdtrAgt>
                                          </RltdAgts>
                                          <RmtInf>
                                             <Ustrd>Free text max 140 characters</Ustrd>
                                             <Strd>
                                                <CdtrRefInf>
                                                   <Ref>Max35Text</Ref>
                                                </CdtrRefInf>
                                             </Strd>
                                          </RmtInf>
                                          <RltdDts>
                                             <AccptncDtTm>2019-05-07T00:00:00Z</AccptncDtTm>
                                          </RltdDts>
                                       </TxDtls>
                                       <TxDtls>
                                          <Refs>
                                             <InstrId>Debitor ref</InstrId>
                                          </Refs>
                                          <AmtDtls>
                                             <TxAmt>
                                                <Amt Ccy="EUR">400.00</Amt>
                                                <CcyXchg>                                                
                                                   <UnitCcy>USD</UnitCcy>
                                                   <SrcCcy>USD</SrcCcy>
                                                   <XchgRate>1.10</XchgRate>
                                                </CcyXchg>
                                             </TxAmt>
                                          </AmtDtls>
                                          <CdtDbtInd>CRDT</CdtDbtInd>
                                          <Purp>
                                             <Cd>ExternalPurpose1Code</Cd> | <Prtry>Max35Text</Prtry>
                                          </Purp>
                                          <RltdPties>
                                             <Dbtr>
                                                <Pty>
                                                   <Nm>Maksaja</Nm>
                                                </Pty>
                                             </Dbtr>
                                             <DbtrAcct>
                                                <Id>
                                                   <IBAN>FI2447066587000379</IBAN>
                                                </Id>
                                             </DbtrAcct>
                                             <Cdtr>
                                                 <Pty>
                                                   <Nm>Saaja</Nm>
                                                </Pty>
                                             </Cdtr>
                                             <CdtrAcct>
                                                <Id>
                                                   <IBAN>FI2447066587000379</IBAN>
                                                </Id>
                                                <Tp>
                                                   <Cd>ExternalCashAccountType1Code</Cd> | <Prtry>Max35Text</Prtry>
                                                </Tp>
                                             </CdtrAcct>
                                          </RltdPties>
                                          <RltdAgts>
                                             <DbtrAgt>
                                                <FinInstnId>
                                                   <BICFI>XXXXFIHH</BICFI>
                                                </FinInstnId>
                                             </DbtrAgt>
                                             <CdtrAgt>
                                                <FinInstnId>
                                                   <BICFI>XXXXFIHH</BICFI>
                                                </FinInstnId>
                                             </CdtrAgt>
                                          </RltdAgts>
                                          <RmtInf>
                                             <Ustrd>Free text max 140 characters</Ustrd>
                                             <Strd>
                                                <CdtrRefInf>
                                                   <Ref>Max35Text</Ref>
                                                </CdtrRefInf>
                                             </Strd>
                                          </RmtInf>
                                          <RltdDts>
                                             <AccptncDtTm>2019-05-07T00:00:00Z</AccptncDtTm>
                                          </RltdDts>
                                       </TxDtls>
                                    </NtryDtls>
                                 </Ntry>
                                 <Ntry>
                                    <NtryRef>2</NtryRef>
                                    <AcctSvcrRef>1234</AcctSvcrRef>
                                    <Amt Ccy="EUR">600.00</Amt>
                                    <CdtDbtInd>CRDT</CdtDbtInd>
                                    <RvslInd>false</RvslInd>
                                    <Sts>
                                       <Cd>BOOK</Cd>   
                                    </Sts>
                                    <BookgDt>
                                       <DtTm>2019-05-08T00:00:00.444Z</DtTm>
                                    </BookgDt>
                                    <ValDt>
                                       <DtTm>2019-05-08T00:00:00.444Z</DtTm>
                                    </ValDt>
                                    <BkTxCd>
                                       <Prtry>
                                          <Cd>7xxTEXT</Cd>
                                       </Prtry>
                                       <Domn>
                                          <Cd>PMNT</Cd>
                                          <Fmly>
                                             <Cd>RCDT</Cd>
                                             <SubFmlyCd>ESCT</SubFmlyCd>
                                          </Fmly>
                                       </Domn>
                                    </BkTxCd>
                                    <NtryDtls>
                                       <TxDtls>
                                          <Refs>
                                             <InstrId>Debitor ref</InstrId>
                                          </Refs>
                                          <AmtDtls>
                                             <TxAmt>
                                                <Amt Ccy="EUR">600.00</Amt>
                                                <CcyXchg>
                                                   <UnitCcy>EUR</UnitCcy>
                                                   <SrcCcy>EUR</SrcCcy>
                                                   <XchgRate>1.00</XchgRate>
                                                </CcyXchg>
                                             </TxAmt>
                                          </AmtDtls>
                                          <CdtDbtInd>CRDT</CdtDbtInd>
                                          <Purp>
                                             <Cd>ExternalPurpose1Code</Cd> | <Prtry>Max35Text</Prtry>
                                          </Purp>
                                          <RltdPties>
                                             <Dbtr>
                                                <Pty>
                                                   <Nm>Maksaja</Nm>
                                                </Pty>
                                             </Dbtr>
                                             <DbtrAcct>
                                                <Id>
                                                   <IBAN>FI2447066587000379</IBAN>
                                                </Id>
                                             </DbtrAcct>
                                             <Cdtr>
                                                 <Pty>
                                                   <Nm>Saaja</Nm>
                                                </Pty>
                                             </Cdtr>
                                             <CdtrAcct>
                                                <Id>
                                                   <IBAN>FI2447066587000379</IBAN>
                                                </Id>
                                                <Tp>
                                                   <Cd>ExternalCashAccountType1Code</Cd> | <Prtry>Max35Text</Prtry>
                                                </Tp>
                                             </CdtrAcct>
                                          </RltdPties>
                                          <RltdAgts>
                                             <DbtrAgt>
                                                <FinInstnId>
                                                   <BICFI>XXXXFIHH</BICFI>
                                                </FinInstnId>
                                             </DbtrAgt>
                                             <CdtrAgt>
                                                <FinInstnId>
                                                   <BICFI>XXXXFIHH</BICFI>
                                                </FinInstnId>
                                             </CdtrAgt>
                                          </RltdAgts>
                                          <RmtInf>
                                             <Ustrd>Free text max 140 characters</Ustrd>
                                             <Strd>
                                                <CdtrRefInf>
                                                   <Ref>Max35Text</Ref>
                                                </CdtrRefInf>
                                             </Strd>
                                          </RmtInf>
                                          <RltdDts>
                                             <AccptncDtTm>2019-05-07T00:00:00Z</AccptncDtTm>
                                          </RltdDts>
                                       </TxDtls>
                                    </NtryDtls>
                                 </Ntry>
                                 <Ntry>
                                    <NtryRef>3</NtryRef>
                                    <AcctSvcrRef>1234</AcctSvcrRef>
                                    <Amt Ccy="EUR">600.00</Amt>
                                    <CdtDbtInd>CRDT</CdtDbtInd>
                                    <RvslInd>false</RvslInd>
                                    <Sts>
                                       <Cd>BOOK</Cd>   
                                    </Sts>
                                    <BookgDt>
                                       <DtTm>2019-05-08T00:00:00.444Z</DtTm>
                                    </BookgDt>
                                    <ValDt>
                                       <DtTm>2019-05-08T00:00:00.444Z</DtTm>
                                    </ValDt>
                                    <BkTxCd>
                                       <Prtry>
                                          <Cd>7xxTEXT</Cd>
                                       </Prtry>
                                       <Domn>
                                          <Cd>PMNT</Cd>
                                          <Fmly>
                                             <Cd>RCDT</Cd>
                                             <SubFmlyCd>ESCT</SubFmlyCd>
                                          </Fmly>
                                       </Domn>
                                    </BkTxCd>
                                    <NtryDtls>
                                       <TxDtls>
                                          <Refs>
                                             <InstrId>Debitor ref</InstrId>
                                          </Refs>
                                          <AmtDtls>
                                             <TxAmt>
                                                <Amt Ccy="EUR">600.00</Amt>
                                                <CcyXchg>
                                                   <UnitCcy>EUR</UnitCcy>
                                                   <SrcCcy>EUR</SrcCcy>
                                                   <XchgRate>1.00</XchgRate>
                                                </CcyXchg>
                                             </TxAmt>
                                          </AmtDtls>
                                          <CdtDbtInd>DBIT</CdtDbtInd>
                                          <Purp>
                                             <Cd>ExternalPurpose1Code</Cd> | <Prtry>Max35Text</Prtry>
                                          </Purp>
                                          <RltdPties>
                                             <Dbtr>
                                                <Pty>
                                                   <Nm>Maksaja</Nm>
                                                </Pty>
                                             </Dbtr>
                                             <DbtrAcct>
                                                <Id>
                                                   <IBAN>FI2447066587000379</IBAN>
                                                </Id>
                                             </DbtrAcct>
                                             <Cdtr>
                                                 <Pty>
                                                   <Nm>Saaja</Nm>
                                                </Pty>
                                             </Cdtr>
                                             <CdtrAcct>
                                                <Id>
                                                   <IBAN>FI2447066587000379</IBAN>
                                                </Id>
                                                <Tp>
                                                   <Cd>ExternalCashAccountType1Code</Cd> | <Prtry>Max35Text</Prtry>
                                                </Tp>
                                             </CdtrAcct>
                                          </RltdPties>
                                          <RltdAgts>
                                             <DbtrAgt>
                                                <FinInstnId>
                                                   <BICFI>XXXXFIHH</BICFI>
                                                </FinInstnId>
                                             </DbtrAgt>
                                             <CdtrAgt>
                                                <FinInstnId>
                                                   <BICFI>XXXXFIHH</BICFI>
                                                </FinInstnId>
                                             </CdtrAgt>
                                          </RltdAgts>
                                          <RmtInf>
                                             <Ustrd>Free text max 140 characters</Ustrd>
                                             <Strd>
                                                <CdtrRefInf>
                                                   <Ref>Max35Text</Ref>
                                                </CdtrRefInf>
                                             </Strd>
                                          </RmtInf>
                                          <RltdDts>
                                             <AccptncDtTm>2019-05-07T00:00:00Z</AccptncDtTm>
                                          </RltdDts>
                                       </TxDtls>
                                    </NtryDtls>
                                 </Ntry>
                                 <Ntry>
                                    <NtryRef>4</NtryRef>
                                    <AcctSvcrRef>1234</AcctSvcrRef>
                                    <Amt Ccy="EUR">400.00</Amt>
                                    <CdtDbtInd>DBIT</CdtDbtInd>
                                    <RvslInd>false</RvslInd>
                                    <Sts>
                                       <Cd>BOOK</Cd>   
                                    </Sts>
                                    <BookgDt>
                                       <DtTm>2019-05-08T00:00:00.444Z</DtTm>
                                    </BookgDt>
                                    <ValDt>
                                       <DtTm>2019-05-08T00:00:00.444Z</DtTm>
                                    </ValDt>
                                    <BkTxCd>
                                       <Prtry>
                                          <Cd>7xxTEXT</Cd>
                                       </Prtry>
                                       <Domn>
                                          <Cd>PMNT</Cd>
                                          <Fmly>
                                             <Cd>RCDT</Cd>
                                             <SubFmlyCd>ESCT</SubFmlyCd>
                                          </Fmly>
                                       </Domn>
                                    </BkTxCd>
                                    <NtryDtls>
                                       <TxDtls>
                                          <Refs>
                                             <InstrId>Debitor ref</InstrId>
                                          </Refs>
                                          <AmtDtls>
                                             <TxAmt>
                                                <Amt Ccy="EUR">400.00</Amt>
                                                <CcyXchg>
                                                   <UnitCcy>EUR</UnitCcy>
                                                   <SrcCcy>EUR</SrcCcy>
                                                   <XchgRate>1.00</XchgRate>
                                                </CcyXchg>
                                             </TxAmt>
                                          </AmtDtls>
                                          <CdtDbtInd>DBIT</CdtDbtInd>
                                          <Purp>
                                             <Cd>ExternalPurpose1Code</Cd> | <Prtry>Max35Text</Prtry>
                                          </Purp>
                                          <RltdPties>
                                             <Dbtr>
                                                <Pty>
                                                   <Nm>Maksaja</Nm>
                                                </Pty>
                                             </Dbtr>
                                             <DbtrAcct>
                                                <Id>
                                                   <IBAN>FI2447066587000379</IBAN>
                                                </Id>
                                             </DbtrAcct>
                                             <Cdtr>
                                                 <Pty>
                                                   <Nm>Saaja</Nm>
                                                </Pty>
                                             </Cdtr>
                                             <CdtrAcct>
                                                <Id>
                                                   <IBAN>FI2447066587000379</IBAN>
                                                </Id>
                                                <Tp>
                                                   <Cd>ExternalCashAccountType1Code</Cd> | <Prtry>Max35Text</Prtry>
                                                </Tp>
                                             </CdtrAcct>
                                          </RltdPties>
                                          <RltdAgts>
                                             <DbtrAgt>
                                                <FinInstnId>
                                                   <BICFI>XXXXFIHH</BICFI>
                                                </FinInstnId>
                                             </DbtrAgt>
                                             <CdtrAgt>
                                                <FinInstnId>
                                                   <BICFI>XXXXFIHH</BICFI>
                                                </FinInstnId>
                                             </CdtrAgt>
                                          </RltdAgts>
                                          <RmtInf>
                                             <Ustrd>Free text max 140 characters</Ustrd>
                                             <Strd>
                                                <CdtrRefInf>
                                                   <Ref>Max35Text</Ref>
                                                </CdtrRefInf>
                                             </Strd>
                                          </RmtInf>
                                          <RltdDts>
                                             <AccptncDtTm>2019-05-07T00:00:00Z</AccptncDtTm>
                                          </RltdDts>
                                       </TxDtls>
                                    </NtryDtls>
                                 </Ntry>
                                 <Ntry>
                                    <NtryRef>5</NtryRef>
                                    <AcctSvcrRef>1234</AcctSvcrRef>
                                    <Amt Ccy="EUR">1000.00</Amt>
                                    <CdtDbtInd>DBIT</CdtDbtInd>
                                    <RvslInd>false</RvslInd>
                                    <Sts>
                                       <Cd>BOOK</Cd>   
                                    </Sts>
                                    <BookgDt>
                                       <DtTm>2019-05-08T00:00:00.444Z</DtTm>
                                    </BookgDt>
                                    <ValDt>
                                       <DtTm>2019-05-08T00:00:00.444Z</DtTm>
                                    </ValDt>
                                    <BkTxCd>
                                       <Prtry>
                                          <Cd>7xxTEXT</Cd>
                                       </Prtry>
                                       <Domn>
                                          <Cd>PMNT</Cd>
                                          <Fmly>
                                             <Cd>RCDT</Cd>
                                             <SubFmlyCd>ESCT</SubFmlyCd>
                                          </Fmly>
                                       </Domn>
                                    </BkTxCd>
                                    <NtryDtls>
                                       <TxDtls>
                                          <Refs>
                                             <InstrId>Debitor ref</InstrId>
                                          </Refs>
                                          <AmtDtls>
                                             <TxAmt>
                                                <Amt Ccy="EUR">1000.00</Amt>
                                                <CcyXchg>
                                                   <UnitCcy>EUR</UnitCcy>
                                                   <SrcCcy>EUR</SrcCcy>
                                                   <XchgRate>1.00</XchgRate>
                                                </CcyXchg>
                                             </TxAmt>
                                          </AmtDtls>
                                          <CdtDbtInd>DBIT</CdtDbtInd>
                                          <Purp>
                                             <Cd>ExternalPurpose1Code</Cd> | <Prtry>Max35Text</Prtry>
                                          </Purp>
                                          <RltdPties>
                                             <Dbtr>
                                                <Pty>
                                                   <Nm>Maksaja</Nm>
                                                </Pty>
                                             </Dbtr>
                                             <DbtrAcct>
                                                <Id>
                                                   <IBAN>FI2447066587000379</IBAN>
                                                </Id>
                                             </DbtrAcct>
                                             <Cdtr>
                                                 <Pty>
                                                   <Nm>Saaja</Nm>
                                                </Pty>
                                             </Cdtr>
                                             <CdtrAcct>
                                                <Id>
                                                   <IBAN>FI2447066587000379</IBAN>
                                                </Id>
                                                <Tp>
                                                   <Cd>ExternalCashAccountType1Code</Cd> | <Prtry>Max35Text</Prtry>
                                                </Tp>
                                             </CdtrAcct>
                                          </RltdPties>
                                          <RltdAgts>
                                             <DbtrAgt>
                                                <FinInstnId>
                                                   <BICFI>XXXXFIHH</BICFI>
                                                </FinInstnId>
                                             </DbtrAgt>
                                             <CdtrAgt>
                                                <FinInstnId>
                                                   <BICFI>XXXXFIHH</BICFI>
                                                </FinInstnId>
                                             </CdtrAgt>
                                          </RltdAgts>
                                          <RmtInf>
                                             <Ustrd>Free text max 140 characters</Ustrd>
                                             <Strd>
                                                <CdtrRefInf>
                                                   <Ref>Max35Text</Ref>
                                                </CdtrRefInf>
                                             </Strd>
                                          </RmtInf>
                                          <RltdDts>
                                             <AccptncDtTm>2019-05-07T00:00:00Z</AccptncDtTm>
                                          </RltdDts>
                                       </TxDtls>
                                    </NtryDtls>
                                 </Ntry>
                              </Rpt>
                           </BkToCstmrAcctRpt>
                        </Document>
                     </auth002:Rslt>
                  </auth002:InvstgtnRslt>
               </auth002:RtrInd>
            </auth002:InfReqRspn>
         </auth002:Document>
      </root:ApplicationResponse>
   </SOAP-ENV:Body>
</SOAP-ENV:Envelope>
